;; -*- mode: org; mode: beancount; -*-
;; Birth: 1980-05-12
;; Dates: 2020-01-01 - 2022-02-24
;; THIS FILE HAS BEEN AUTO-GENERATED.
* Options

option "operating_currency" "USD"
1980-05-12 custom "fava-option" "language" "en"
1980-05-12 custom "fava-extension" "fava_dashboards"



* Commodities


1792-01-01 commodity USD
  export: "CASH"
  name: "US Dollar"
  asset_class: "Cash"
  asset_allocation_Bond_Cash: 100

1900-01-01 commodity VMMXX
  export: "MUTF:VMMXX (MONEY:USD)"
  name: "Vanguard Cash Reserves Federal Money Market Fund"
  asset_class: "Fund"
  asset_allocation_Bond_Cash: 82
  asset_allocation_Bond_US: 18

1995-09-18 commodity VBMPX
  export: "MUTF:VBMPX"
  name: "Vanguard Total Bond Market Index Fund Institutional Plus Shares"
  price: "USD:google/MUTF:VBMPX"
  asset_class: "Fund"
  asset_allocation_Bond_US: 91
  asset_allocation_Bond_NonUS: 9

2004-01-20 commodity ITOT
  export: "NYSEARCA:ITOT"
  name: "iShares Core S&P Total U.S. Stock Market ETF"
  price: "USD:google/NYSEARCA:ITOT"
  asset_class: "ETF"
  asset_allocation_Equity_Market_US: 99
  asset_allocation_Equity_Market_NonUS: 1

2004-01-26 commodity VHT
  export: "NYSEARCA:VHT"
  name: "Vanguard Health Care ETF"
  price: "USD:google/NYSEARCA:VHT"
  asset_class: "ETF"
  asset_allocation_Equity_Sector_Health: 100

2004-11-01 commodity GLD
  export: "NYSEARCA:GLD"
  name: "SPDR Gold Trust (ETF)"
  price: "USD:google/NYSEARCA:GLD"
  asset_class: "ETF"
  asset_allocation_Commodity_Gold: 100

2007-07-20 commodity VEA
  export: "NYSEARCA:VEA"
  name: "Vanguard FTSE Developed Markets ETF"
  price: "USD:google/NYSEARCA:VEA"
  asset_class: "ETF"
  asset_allocation_Equity_Market_DevelopedWorld: 100

2009-05-01 commodity RGAGX
  export: "MUTF:RGAGX"
  name: "American Funds The Growth Fund of America Class R-6"
  price: "USD:google/MUTF:RGAGX"
  asset_class: "Fund"
  asset_allocation_Equity_Market_US: 79
  asset_allocation_Equity_Market_NonUS: 11
  asset_allocation_Bond_Cash: 10



* Equity Accounts

1980-05-12 open Equity:Opening-Balances
1980-05-12 open Liabilities:AccountsPayable



* Banking

2020-01-01 open Assets:US:BofA
  address: "123 America Street, LargeTown, USA"
  institution: "Bank of America"
  phone: "+1.012.345.6789"
2020-01-01 open Assets:US:BofA:Checking                        USD
  account: "00234-48574897"

2020-01-01 * "Opening Balance for checking account"
  Assets:US:BofA:Checking                         2863.71 USD
  Equity:Opening-Balances                        -2863.71 USD

2020-01-02 balance Assets:US:BofA:Checking        2863.71 USD

2020-01-04 * "BANK FEES" "Monthly bank fee"
  Assets:US:BofA:Checking                           -4.00 USD
  Expenses:Financial:Fees                            4.00 USD

2020-01-04 * "RiverBank Properties" "Paying the rent" #recurring
  Assets:US:BofA:Checking                        -2400.00 USD
  Expenses:Home:Rent                              2400.00 USD

2020-01-09 * "EDISON POWER" ""
  Assets:US:BofA:Checking                          -65.00 USD
  Expenses:Home:Electricity                         65.00 USD

2020-01-20 * "Verizon Wireless" ""
  Assets:US:BofA:Checking                          -57.87 USD
  Expenses:Home:Phone                               57.87 USD

2020-01-21 * "Wine-Tarner Cable" ""
  Assets:US:BofA:Checking                          -79.99 USD
  Expenses:Home:Internet                            79.99 USD

2020-01-25 balance Assets:US:BofA:Checking        2851.83 USD

2020-02-04 * "BANK FEES" "Monthly bank fee"
  Assets:US:BofA:Checking                           -4.00 USD
  Expenses:Financial:Fees                            4.00 USD

2020-02-05 * "RiverBank Properties" "Paying the rent" #recurring
  Assets:US:BofA:Checking                        -2400.00 USD
  Expenses:Home:Rent                              2400.00 USD

2020-02-08 * "EDISON POWER" ""
  Assets:US:BofA:Checking                          -65.00 USD
  Expenses:Home:Electricity                         65.00 USD

2020-02-17 balance Assets:US:BofA:Checking        2491.46 USD

2020-02-18 * "Verizon Wireless" ""
  Assets:US:BofA:Checking                          -60.94 USD
  Expenses:Home:Phone                               60.94 USD

2020-02-23 * "Wine-Tarner Cable" ""
  Assets:US:BofA:Checking                          -80.13 USD
  Expenses:Home:Internet                            80.13 USD

2020-03-03 * "RiverBank Properties" "Paying the rent" #recurring
  Assets:US:BofA:Checking                        -2400.00 USD
  Expenses:Home:Rent                              2400.00 USD

2020-03-04 * "BANK FEES" "Monthly bank fee"
  Assets:US:BofA:Checking                           -4.00 USD
  Expenses:Financial:Fees                            4.00 USD

2020-03-09 * "EDISON POWER" ""
  Assets:US:BofA:Checking                          -65.00 USD
  Expenses:Home:Electricity                         65.00 USD

2020-03-11 balance Assets:US:BofA:Checking         689.56 USD

2020-03-19 * "Verizon Wireless" ""
  Assets:US:BofA:Checking                          -57.31 USD
  Expenses:Home:Phone                               57.31 USD

2020-03-21 * "Wine-Tarner Cable" ""
  Assets:US:BofA:Checking                          -79.93 USD
  Expenses:Home:Internet                            79.93 USD

2020-04-02 balance Assets:US:BofA:Checking        3253.52 USD

2020-04-03 * "RiverBank Properties" "Paying the rent" #recurring
  Assets:US:BofA:Checking                        -2400.00 USD
  Expenses:Home:Rent                              2400.00 USD

2020-04-04 * "BANK FEES" "Monthly bank fee"
  Assets:US:BofA:Checking                           -4.00 USD
  Expenses:Financial:Fees                            4.00 USD

2020-04-08 * "EDISON POWER" ""
  Assets:US:BofA:Checking                          -65.00 USD
  Expenses:Home:Electricity                         65.00 USD

2020-04-18 * "Verizon Wireless" ""
  Assets:US:BofA:Checking                          -55.86 USD
  Expenses:Home:Phone                               55.86 USD

2020-04-23 * "Wine-Tarner Cable" ""
  Assets:US:BofA:Checking                          -79.88 USD
  Expenses:Home:Internet                            79.88 USD

2020-04-30 balance Assets:US:BofA:Checking        2565.55 USD

2020-05-04 * "BANK FEES" "Monthly bank fee"
  Assets:US:BofA:Checking                           -4.00 USD
  Expenses:Financial:Fees                            4.00 USD

2020-05-05 * "RiverBank Properties" "Paying the rent" #recurring
  Assets:US:BofA:Checking                        -2400.00 USD
  Expenses:Home:Rent                              2400.00 USD

2020-05-08 * "EDISON POWER" ""
  Assets:US:BofA:Checking                          -65.00 USD
  Expenses:Home:Electricity                         65.00 USD

2020-05-19 * "Verizon Wireless" ""
  Assets:US:BofA:Checking                          -49.72 USD
  Expenses:Home:Phone                               49.72 USD

2020-05-22 * "Wine-Tarner Cable" ""
  Assets:US:BofA:Checking                          -79.92 USD
  Expenses:Home:Internet                            79.92 USD

2020-05-27 balance Assets:US:BofA:Checking        1907.32 USD

2020-06-04 * "BANK FEES" "Monthly bank fee"
  Assets:US:BofA:Checking                           -4.00 USD
  Expenses:Financial:Fees                            4.00 USD

2020-06-04 * "RiverBank Properties" "Paying the rent" #recurring
  Assets:US:BofA:Checking                        -2400.00 USD
  Expenses:Home:Rent                              2400.00 USD

2020-06-09 * "EDISON POWER" ""
  Assets:US:BofA:Checking                          -65.00 USD
  Expenses:Home:Electricity                         65.00 USD

2020-06-18 * "Verizon Wireless" ""
  Assets:US:BofA:Checking                          -52.18 USD
  Expenses:Home:Phone                               52.18 USD

2020-06-19 balance Assets:US:BofA:Checking        1406.63 USD

2020-06-22 * "Wine-Tarner Cable" ""
  Assets:US:BofA:Checking                          -79.78 USD
  Expenses:Home:Internet                            79.78 USD

2020-07-04 * "BANK FEES" "Monthly bank fee"
  Assets:US:BofA:Checking                           -4.00 USD
  Expenses:Financial:Fees                            4.00 USD

2020-07-06 * "RiverBank Properties" "Paying the rent" #recurring
  Assets:US:BofA:Checking                        -2400.00 USD
  Expenses:Home:Rent                              2400.00 USD

2020-07-08 * "EDISON POWER" ""
  Assets:US:BofA:Checking                          -65.00 USD
  Expenses:Home:Electricity                         65.00 USD

2020-07-12 balance Assets:US:BofA:Checking              0 USD

2020-07-19 * "Verizon Wireless" ""
  Assets:US:BofA:Checking                          -54.58 USD
  Expenses:Home:Phone                               54.58 USD

2020-07-22 * "Wine-Tarner Cable" ""
  Assets:US:BofA:Checking                          -80.17 USD
  Expenses:Home:Internet                            80.17 USD

2020-08-04 * "BANK FEES" "Monthly bank fee"
  Assets:US:BofA:Checking                           -4.00 USD
  Expenses:Financial:Fees                            4.00 USD

2020-08-06 * "RiverBank Properties" "Paying the rent" #recurring
  Assets:US:BofA:Checking                        -2400.00 USD
  Expenses:Home:Rent                              2400.00 USD

2020-08-08 balance Assets:US:BofA:Checking         862.45 USD

2020-08-09 * "EDISON POWER" ""
  Assets:US:BofA:Checking                          -65.00 USD
  Expenses:Home:Electricity                         65.00 USD

2020-08-20 * "Verizon Wireless" ""
  Assets:US:BofA:Checking                          -27.85 USD
  Expenses:Home:Phone                               27.85 USD

2020-08-22 * "Wine-Tarner Cable" ""
  Assets:US:BofA:Checking                          -80.06 USD
  Expenses:Home:Internet                            80.06 USD

2020-09-03 balance Assets:US:BofA:Checking        5232.37 USD

2020-09-04 * "BANK FEES" "Monthly bank fee"
  Assets:US:BofA:Checking                           -4.00 USD
  Expenses:Financial:Fees                            4.00 USD

2020-09-04 * "RiverBank Properties" "Paying the rent" #recurring
  Assets:US:BofA:Checking                        -2400.00 USD
  Expenses:Home:Rent                              2400.00 USD

2020-09-09 * "EDISON POWER" ""
  Assets:US:BofA:Checking                          -65.00 USD
  Expenses:Home:Electricity                         65.00 USD

2020-09-11 * "Transfering accumulated savings to other account"
  Assets:US:BofA:Checking                           -3500 USD
  Assets:US:ETrade:Cash                              3500 USD

2020-09-18 * "Verizon Wireless" ""
  Assets:US:BofA:Checking                          -61.53 USD
  Expenses:Home:Phone                               61.53 USD

2020-09-22 * "Wine-Tarner Cable" ""
  Assets:US:BofA:Checking                          -79.96 USD
  Expenses:Home:Internet                            79.96 USD

2020-09-24 balance Assets:US:BofA:Checking         976.51 USD

2020-10-04 * "BANK FEES" "Monthly bank fee"
  Assets:US:BofA:Checking                           -4.00 USD
  Expenses:Financial:Fees                            4.00 USD

2020-10-05 * "RiverBank Properties" "Paying the rent" #recurring
  Assets:US:BofA:Checking                        -2400.00 USD
  Expenses:Home:Rent                              2400.00 USD

2020-10-08 * "EDISON POWER" ""
  Assets:US:BofA:Checking                          -65.00 USD
  Expenses:Home:Electricity                         65.00 USD

2020-10-18 * "Verizon Wireless" ""
  Assets:US:BofA:Checking                          -65.35 USD
  Expenses:Home:Phone                               65.35 USD

2020-10-22 balance Assets:US:BofA:Checking        2900.73 USD

2020-10-23 * "Wine-Tarner Cable" ""
  Assets:US:BofA:Checking                          -80.13 USD
  Expenses:Home:Internet                            80.13 USD

2020-10-23 * "Transfering accumulated savings to other account"
  Assets:US:BofA:Checking                           -4000 USD
  Assets:US:ETrade:Cash                              4000 USD

2020-11-04 * "BANK FEES" "Monthly bank fee"
  Assets:US:BofA:Checking                           -4.00 USD
  Expenses:Financial:Fees                            4.00 USD

2020-11-05 * "RiverBank Properties" "Paying the rent" #recurring
  Assets:US:BofA:Checking                        -2400.00 USD
  Expenses:Home:Rent                              2400.00 USD

2020-11-09 * "EDISON POWER" ""
  Assets:US:BofA:Checking                          -65.00 USD
  Expenses:Home:Electricity                         65.00 USD

2020-11-14 balance Assets:US:BofA:Checking         627.99 USD

2020-11-18 * "Verizon Wireless" ""
  Assets:US:BofA:Checking                          -56.26 USD
  Expenses:Home:Phone                               56.26 USD

2020-11-22 * "Wine-Tarner Cable" ""
  Assets:US:BofA:Checking                          -80.08 USD
  Expenses:Home:Internet                            80.08 USD

2020-12-04 * "BANK FEES" "Monthly bank fee"
  Assets:US:BofA:Checking                           -4.00 USD
  Expenses:Financial:Fees                            4.00 USD

2020-12-05 * "RiverBank Properties" "Paying the rent" #recurring
  Assets:US:BofA:Checking                        -2400.00 USD
  Expenses:Home:Rent                              2400.00 USD

2020-12-06 balance Assets:US:BofA:Checking        3227.31 USD

2020-12-09 * "EDISON POWER" ""
  Assets:US:BofA:Checking                          -65.00 USD
  Expenses:Home:Electricity                         65.00 USD

2020-12-20 * "Verizon Wireless" ""
  Assets:US:BofA:Checking                          -59.07 USD
  Expenses:Home:Phone                               59.07 USD

2020-12-21 * "Wine-Tarner Cable" ""
  Assets:US:BofA:Checking                          -80.04 USD
  Expenses:Home:Internet                            80.04 USD

2020-12-29 balance Assets:US:BofA:Checking        5192.27 USD

2021-01-03 * "RiverBank Properties" "Paying the rent" #recurring
  Assets:US:BofA:Checking                        -2400.00 USD
  Expenses:Home:Rent                              2400.00 USD

2021-01-04 * "BANK FEES" "Monthly bank fee"
  Assets:US:BofA:Checking                           -4.00 USD
  Expenses:Financial:Fees                            4.00 USD

2021-01-08 * "EDISON POWER" ""
  Assets:US:BofA:Checking                          -65.00 USD
  Expenses:Home:Electricity                         65.00 USD

2021-01-19 * "Verizon Wireless" ""
  Assets:US:BofA:Checking                          -54.81 USD
  Expenses:Home:Phone                               54.81 USD

2021-01-21 * "Wine-Tarner Cable" ""
  Assets:US:BofA:Checking                          -79.85 USD
  Expenses:Home:Internet                            79.85 USD

2021-01-24 balance Assets:US:BofA:Checking        5948.79 USD

2021-02-04 * "BANK FEES" "Monthly bank fee"
  Assets:US:BofA:Checking                           -4.00 USD
  Expenses:Financial:Fees                            4.00 USD

2021-02-04 * "RiverBank Properties" "Paying the rent" #recurring
  Assets:US:BofA:Checking                        -2400.00 USD
  Expenses:Home:Rent                              2400.00 USD

2021-02-08 * "EDISON POWER" ""
  Assets:US:BofA:Checking                          -65.00 USD
  Expenses:Home:Electricity                         65.00 USD

2021-02-14 balance Assets:US:BofA:Checking        5465.26 USD

2021-02-20 * "Verizon Wireless" ""
  Assets:US:BofA:Checking                          -56.80 USD
  Expenses:Home:Phone                               56.80 USD

2021-02-23 * "Wine-Tarner Cable" ""
  Assets:US:BofA:Checking                          -79.97 USD
  Expenses:Home:Internet                            79.97 USD

2021-03-03 * "RiverBank Properties" "Paying the rent" #recurring
  Assets:US:BofA:Checking                        -2400.00 USD
  Expenses:Home:Rent                              2400.00 USD

2021-03-04 * "BANK FEES" "Monthly bank fee"
  Assets:US:BofA:Checking                           -4.00 USD
  Expenses:Financial:Fees                            4.00 USD

2021-03-08 balance Assets:US:BofA:Checking        4275.09 USD

2021-03-08 * "EDISON POWER" ""
  Assets:US:BofA:Checking                          -65.00 USD
  Expenses:Home:Electricity                         65.00 USD

2021-03-18 * "Verizon Wireless" ""
  Assets:US:BofA:Checking                          -56.55 USD
  Expenses:Home:Phone                               56.55 USD

2021-03-22 * "Wine-Tarner Cable" ""
  Assets:US:BofA:Checking                          -80.01 USD
  Expenses:Home:Internet                            80.01 USD

2021-04-04 * "BANK FEES" "Monthly bank fee"
  Assets:US:BofA:Checking                           -4.00 USD
  Expenses:Financial:Fees                            4.00 USD

2021-04-06 balance Assets:US:BofA:Checking        5169.88 USD

2021-04-06 * "RiverBank Properties" "Paying the rent" #recurring
  Assets:US:BofA:Checking                        -2400.00 USD
  Expenses:Home:Rent                              2400.00 USD

2021-04-09 * "EDISON POWER" ""
  Assets:US:BofA:Checking                          -65.00 USD
  Expenses:Home:Electricity                         65.00 USD

2021-04-19 * "Verizon Wireless" ""
  Assets:US:BofA:Checking                          -65.51 USD
  Expenses:Home:Phone                               65.51 USD

2021-04-21 * "Wine-Tarner Cable" ""
  Assets:US:BofA:Checking                          -80.02 USD
  Expenses:Home:Internet                            80.02 USD

2021-05-04 * "BANK FEES" "Monthly bank fee"
  Assets:US:BofA:Checking                           -4.00 USD
  Expenses:Financial:Fees                            4.00 USD

2021-05-04 * "RiverBank Properties" "Paying the rent" #recurring
  Assets:US:BofA:Checking                        -2400.00 USD
  Expenses:Home:Rent                              2400.00 USD

2021-05-06 balance Assets:US:BofA:Checking        2271.16 USD

2021-05-08 * "EDISON POWER" ""
  Assets:US:BofA:Checking                          -65.00 USD
  Expenses:Home:Electricity                         65.00 USD

2021-05-20 * "Verizon Wireless" ""
  Assets:US:BofA:Checking                          -67.10 USD
  Expenses:Home:Phone                               67.10 USD

2021-05-23 * "Wine-Tarner Cable" ""
  Assets:US:BofA:Checking                          -79.88 USD
  Expenses:Home:Internet                            79.88 USD

2021-06-01 balance Assets:US:BofA:Checking        3988.47 USD

2021-06-04 * "BANK FEES" "Monthly bank fee"
  Assets:US:BofA:Checking                           -4.00 USD
  Expenses:Financial:Fees                            4.00 USD

2021-06-04 * "RiverBank Properties" "Paying the rent" #recurring
  Assets:US:BofA:Checking                        -2400.00 USD
  Expenses:Home:Rent                              2400.00 USD

2021-06-08 * "EDISON POWER" ""
  Assets:US:BofA:Checking                          -65.00 USD
  Expenses:Home:Electricity                         65.00 USD

2021-06-20 * "Verizon Wireless" ""
  Assets:US:BofA:Checking                          -78.01 USD
  Expenses:Home:Phone                               78.01 USD

2021-06-21 balance Assets:US:BofA:Checking        3261.49 USD

2021-06-23 * "Wine-Tarner Cable" ""
  Assets:US:BofA:Checking                          -80.06 USD
  Expenses:Home:Internet                            80.06 USD

2021-07-04 * "BANK FEES" "Monthly bank fee"
  Assets:US:BofA:Checking                           -4.00 USD
  Expenses:Financial:Fees                            4.00 USD

2021-07-06 * "RiverBank Properties" "Paying the rent" #recurring
  Assets:US:BofA:Checking                        -2400.00 USD
  Expenses:Home:Rent                              2400.00 USD

2021-07-08 * "EDISON POWER" ""
  Assets:US:BofA:Checking                          -65.00 USD
  Expenses:Home:Electricity                         65.00 USD

2021-07-14 balance Assets:US:BofA:Checking        1602.15 USD

2021-07-18 * "Verizon Wireless" ""
  Assets:US:BofA:Checking                          -83.30 USD
  Expenses:Home:Phone                               83.30 USD

2021-07-23 * "Wine-Tarner Cable" ""
  Assets:US:BofA:Checking                          -80.02 USD
  Expenses:Home:Internet                            80.02 USD

2021-08-03 balance Assets:US:BofA:Checking        4140.03 USD

2021-08-04 * "BANK FEES" "Monthly bank fee"
  Assets:US:BofA:Checking                           -4.00 USD
  Expenses:Financial:Fees                            4.00 USD

2021-08-05 * "RiverBank Properties" "Paying the rent" #recurring
  Assets:US:BofA:Checking                        -2400.00 USD
  Expenses:Home:Rent                              2400.00 USD

2021-08-08 * "EDISON POWER" ""
  Assets:US:BofA:Checking                          -65.00 USD
  Expenses:Home:Electricity                         65.00 USD

2021-08-18 * "Verizon Wireless" ""
  Assets:US:BofA:Checking                          -56.04 USD
  Expenses:Home:Phone                               56.04 USD

2021-08-23 * "Wine-Tarner Cable" ""
  Assets:US:BofA:Checking                          -79.86 USD
  Expenses:Home:Internet                            79.86 USD

2021-08-24 balance Assets:US:BofA:Checking        3057.64 USD

2021-09-03 * "RiverBank Properties" "Paying the rent" #recurring
  Assets:US:BofA:Checking                        -2400.00 USD
  Expenses:Home:Rent                              2400.00 USD

2021-09-04 * "BANK FEES" "Monthly bank fee"
  Assets:US:BofA:Checking                           -4.00 USD
  Expenses:Financial:Fees                            4.00 USD

2021-09-08 * "EDISON POWER" ""
  Assets:US:BofA:Checking                          -65.00 USD
  Expenses:Home:Electricity                         65.00 USD

2021-09-10 * "Transfering accumulated savings to other account"
  Assets:US:BofA:Checking                           -4500 USD
  Assets:US:ETrade:Cash                              4500 USD

2021-09-20 * "Verizon Wireless" ""
  Assets:US:BofA:Checking                          -28.70 USD
  Expenses:Home:Phone                               28.70 USD

2021-09-21 * "Wine-Tarner Cable" ""
  Assets:US:BofA:Checking                          -79.97 USD
  Expenses:Home:Internet                            79.97 USD

2021-09-23 balance Assets:US:BofA:Checking         532.93 USD

2021-10-03 * "RiverBank Properties" "Paying the rent" #recurring
  Assets:US:BofA:Checking                        -2400.00 USD
  Expenses:Home:Rent                              2400.00 USD

2021-10-04 * "BANK FEES" "Monthly bank fee"
  Assets:US:BofA:Checking                           -4.00 USD
  Expenses:Financial:Fees                            4.00 USD

2021-10-09 * "EDISON POWER" ""
  Assets:US:BofA:Checking                          -65.00 USD
  Expenses:Home:Electricity                         65.00 USD

2021-10-14 balance Assets:US:BofA:Checking        2671.54 USD

2021-10-18 * "Verizon Wireless" ""
  Assets:US:BofA:Checking                          -41.37 USD
  Expenses:Home:Phone                               41.37 USD

2021-10-22 * "Wine-Tarner Cable" ""
  Assets:US:BofA:Checking                          -80.00 USD
  Expenses:Home:Internet                            80.00 USD

2021-10-22 * "Transfering accumulated savings to other account"
  Assets:US:BofA:Checking                           -4000 USD
  Assets:US:ETrade:Cash                              4000 USD

2021-11-04 * "BANK FEES" "Monthly bank fee"
  Assets:US:BofA:Checking                           -4.00 USD
  Expenses:Financial:Fees                            4.00 USD

2021-11-05 * "RiverBank Properties" "Paying the rent" #recurring
  Assets:US:BofA:Checking                        -2400.00 USD
  Expenses:Home:Rent                              2400.00 USD

2021-11-08 * "EDISON POWER" ""
  Assets:US:BofA:Checking                          -65.00 USD
  Expenses:Home:Electricity                         65.00 USD

2021-11-10 balance Assets:US:BofA:Checking        1182.37 USD

2021-11-18 * "Verizon Wireless" ""
  Assets:US:BofA:Checking                          -74.51 USD
  Expenses:Home:Phone                               74.51 USD

2021-11-22 * "Wine-Tarner Cable" ""
  Assets:US:BofA:Checking                          -80.11 USD
  Expenses:Home:Internet                            80.11 USD

2021-12-03 balance Assets:US:BofA:Checking        5402.62 USD

2021-12-04 * "BANK FEES" "Monthly bank fee"
  Assets:US:BofA:Checking                           -4.00 USD
  Expenses:Financial:Fees                            4.00 USD

2021-12-06 * "RiverBank Properties" "Paying the rent" #recurring
  Assets:US:BofA:Checking                        -2400.00 USD
  Expenses:Home:Rent                              2400.00 USD

2021-12-08 * "EDISON POWER" ""
  Assets:US:BofA:Checking                          -65.00 USD
  Expenses:Home:Electricity                         65.00 USD

2021-12-17 * "Transfering accumulated savings to other account"
  Assets:US:BofA:Checking                           -4000 USD
  Assets:US:ETrade:Cash                              4000 USD

2021-12-18 * "Verizon Wireless" ""
  Assets:US:BofA:Checking                          -61.23 USD
  Expenses:Home:Phone                               61.23 USD

2021-12-21 * "Wine-Tarner Cable" ""
  Assets:US:BofA:Checking                          -79.96 USD
  Expenses:Home:Internet                            79.96 USD

2021-12-31 balance Assets:US:BofA:Checking        3594.05 USD

2022-01-04 * "BANK FEES" "Monthly bank fee"
  Assets:US:BofA:Checking                           -4.00 USD
  Expenses:Financial:Fees                            4.00 USD

2022-01-04 * "RiverBank Properties" "Paying the rent" #recurring
  Assets:US:BofA:Checking                        -2400.00 USD
  Expenses:Home:Rent                              2400.00 USD

2022-01-08 * "EDISON POWER" ""
  Assets:US:BofA:Checking                          -65.00 USD
  Expenses:Home:Electricity                         65.00 USD

2022-01-18 * "Verizon Wireless" ""
  Assets:US:BofA:Checking                          -47.33 USD
  Expenses:Home:Phone                               47.33 USD

2022-01-22 * "Wine-Tarner Cable" ""
  Assets:US:BofA:Checking                          -79.93 USD
  Expenses:Home:Internet                            79.93 USD

2022-01-23 balance Assets:US:BofA:Checking        1825.44 USD

2022-02-04 * "BANK FEES" "Monthly bank fee"
  Assets:US:BofA:Checking                           -4.00 USD
  Expenses:Financial:Fees                            4.00 USD

2022-02-11 * "Transfering accumulated savings to other account"
  Assets:US:BofA:Checking                           -4000 USD
  Assets:US:ETrade:Cash                              4000 USD

2022-02-19 balance Assets:US:BofA:Checking         522.64 USD



* Credit-Cards

1980-05-12 open Liabilities:US:Chase:Slate                      USD

2020-01-03 * "Cafe Modagor" "Eating out with work buddies"
  Liabilities:US:Chase:Slate                       -33.18 USD
  Expenses:Food:Restaurant                          33.18 USD

2020-01-05 * "Chichipotle" "Eating out with Bill"
  Liabilities:US:Chase:Slate                       -20.97 USD
  Expenses:Food:Restaurant                          20.97 USD

2020-01-08 * "Kin Soy" "Eating out with Bill"
  Liabilities:US:Chase:Slate                       -52.07 USD
  Expenses:Food:Restaurant                          52.07 USD

2020-01-08 * "Chase:Slate" "Paying off credit card"
  Liabilities:US:Chase:Slate                       106.22 USD
  Assets:US:BofA:Checking                         -106.22 USD

2020-01-11 * "Rose Flower" "Eating out alone"
  Liabilities:US:Chase:Slate                       -24.93 USD
  Expenses:Food:Restaurant                          24.93 USD

2020-01-15 * "Uncle Boons" "Eating out after work"
  Liabilities:US:Chase:Slate                       -14.09 USD
  Expenses:Food:Restaurant                          14.09 USD

2020-01-16 * "Good Moods Market" "Buying groceries"
  Liabilities:US:Chase:Slate                       -74.22 USD
  Expenses:Food:Groceries                           74.22 USD

2020-01-17 * "Goba Goba" "Eating out after work"
  Liabilities:US:Chase:Slate                       -16.54 USD
  Expenses:Food:Restaurant                          16.54 USD

2020-01-22 * "Kin Soy" "Eating out with Natasha"
  Liabilities:US:Chase:Slate                       -35.16 USD
  Expenses:Food:Restaurant                          35.16 USD

2020-01-23 * "China Garden" "Eating out alone"
  Liabilities:US:Chase:Slate                       -21.16 USD
  Expenses:Food:Restaurant                          21.16 USD

2020-01-27 * "Goba Goba" "Eating out with Joe"
  Liabilities:US:Chase:Slate                       -35.39 USD
  Expenses:Food:Restaurant                          35.39 USD

2020-01-28 balance Liabilities:US:Chase:Slate     -221.49 USD

2020-01-29 * "Chichipotle" "Eating out alone"
  Liabilities:US:Chase:Slate                       -37.59 USD
  Expenses:Food:Restaurant                          37.59 USD

2020-01-31 * "Metro Transport Authority" "Tram tickets"
  Liabilities:US:Chase:Slate                      -120.00 USD
  Expenses:Transport:Tram                          120.00 USD

2020-02-02 * "Farmer Fresh" "Buying groceries"
  Liabilities:US:Chase:Slate                       -98.22 USD
  Expenses:Food:Groceries                           98.22 USD

2020-02-03 * "Cafe Modagor" "Eating out with Joe"
  Liabilities:US:Chase:Slate                       -32.32 USD
  Expenses:Food:Restaurant                          32.32 USD

2020-02-07 * "Uncle Boons" "Eating out after work"
  Liabilities:US:Chase:Slate                       -24.85 USD
  Expenses:Food:Restaurant                          24.85 USD

2020-02-08 * "Rose Flower" "Eating out with Natasha"
  Liabilities:US:Chase:Slate                       -33.71 USD
  Expenses:Food:Restaurant                          33.71 USD

2020-02-09 * "Chase:Slate" "Paying off credit card"
  Liabilities:US:Chase:Slate                       592.57 USD
  Assets:US:BofA:Checking                         -592.57 USD

2020-02-13 * "Chichipotle" "Eating out alone"
  Liabilities:US:Chase:Slate                       -24.39 USD
  Expenses:Food:Restaurant                          24.39 USD

2020-02-13 * "Good Moods Market" "Buying groceries"
  Liabilities:US:Chase:Slate                       -48.19 USD
  Expenses:Food:Groceries                           48.19 USD

2020-02-17 * "China Garden" "Eating out with Bill"
  Liabilities:US:Chase:Slate                       -32.69 USD
  Expenses:Food:Restaurant                          32.69 USD

2020-02-19 * "Cafe Modagor" "Eating out with Bill"
  Liabilities:US:Chase:Slate                       -27.20 USD
  Expenses:Food:Restaurant                          27.20 USD

2020-02-21 * "Cafe Modagor" "Eating out alone"
  Liabilities:US:Chase:Slate                       -23.31 USD
  Expenses:Food:Restaurant                          23.31 USD

2020-02-22 * "Uncle Boons" "Eating out after work"
  Liabilities:US:Chase:Slate                       -13.84 USD
  Expenses:Food:Restaurant                          13.84 USD

2020-02-23 balance Liabilities:US:Chase:Slate     -145.23 USD

2020-02-23 * "Uncle Boons" "Eating out "
  Liabilities:US:Chase:Slate                       -47.46 USD
  Expenses:Food:Restaurant                          47.46 USD

2020-02-25 * "Uncle Boons" "Eating out after work"
  Liabilities:US:Chase:Slate                       -28.70 USD
  Expenses:Food:Restaurant                          28.70 USD

2020-02-29 * "Onion Market" "Buying groceries"
  Liabilities:US:Chase:Slate                       -71.20 USD
  Expenses:Food:Groceries                           71.20 USD

2020-03-01 * "Jewel of Morroco" "Eating out after work"
  Liabilities:US:Chase:Slate                       -25.66 USD
  Expenses:Food:Restaurant                          25.66 USD

2020-03-02 * "Metro Transport Authority" "Tram tickets"
  Liabilities:US:Chase:Slate                      -120.00 USD
  Expenses:Transport:Tram                          120.00 USD

2020-03-03 * "Kin Soy" "Eating out with Joe"
  Liabilities:US:Chase:Slate                       -25.51 USD
  Expenses:Food:Restaurant                          25.51 USD

2020-03-06 * "Kin Soy" "Eating out with Joe"
  Liabilities:US:Chase:Slate                       -25.94 USD
  Expenses:Food:Restaurant                          25.94 USD

2020-03-08 * "Jewel of Morroco" "Eating out with Bill"
  Liabilities:US:Chase:Slate                       -31.56 USD
  Expenses:Food:Restaurant                          31.56 USD

2020-03-09 * "Chase:Slate" "Paying off credit card"
  Liabilities:US:Chase:Slate                       542.43 USD
  Assets:US:BofA:Checking                         -542.43 USD

2020-03-11 * "Goba Goba" "Eating out with work buddies"
  Liabilities:US:Chase:Slate                       -21.17 USD
  Expenses:Food:Restaurant                          21.17 USD

2020-03-12 * "Jewel of Morroco" "Eating out "
  Liabilities:US:Chase:Slate                       -26.10 USD
  Expenses:Food:Restaurant                          26.10 USD

2020-03-13 * "Kin Soy" "Eating out with work buddies"
  Liabilities:US:Chase:Slate                       -32.53 USD
  Expenses:Food:Restaurant                          32.53 USD

2020-03-16 * "Cafe Modagor" "Eating out with work buddies"
  Liabilities:US:Chase:Slate                       -93.62 USD
  Expenses:Food:Restaurant                          93.62 USD

2020-03-17 balance Liabilities:US:Chase:Slate     -152.25 USD

2020-03-18 * "Chichipotle" "Eating out alone"
  Liabilities:US:Chase:Slate                       -39.01 USD
  Expenses:Food:Restaurant                          39.01 USD

2020-03-19 * "Cafe Modagor" "Eating out with Julie"
  Liabilities:US:Chase:Slate                       -36.69 USD
  Expenses:Food:Restaurant                          36.69 USD

2020-03-19 * "Corner Deli" "Buying groceries"
  Liabilities:US:Chase:Slate                       -65.98 USD
  Expenses:Food:Groceries                           65.98 USD

2020-03-24 * "China Garden" "Eating out "
  Liabilities:US:Chase:Slate                       -23.98 USD
  Expenses:Food:Restaurant                          23.98 USD

2020-03-25 * "Goba Goba" "Eating out alone"
  Liabilities:US:Chase:Slate                       -36.61 USD
  Expenses:Food:Restaurant                          36.61 USD

2020-03-28 * "Cafe Modagor" "Eating out with Joe"
  Liabilities:US:Chase:Slate                       -14.78 USD
  Expenses:Food:Restaurant                          14.78 USD

2020-03-28 * "Onion Market" "Buying groceries"
  Liabilities:US:Chase:Slate                       -71.56 USD
  Expenses:Food:Groceries                           71.56 USD

2020-03-30 * "Kin Soy" "Eating out after work"
  Liabilities:US:Chase:Slate                       -24.95 USD
  Expenses:Food:Restaurant                          24.95 USD

2020-03-31 * "Cafe Modagor" "Eating out with Julie"
  Liabilities:US:Chase:Slate                       -49.04 USD
  Expenses:Food:Restaurant                          49.04 USD

2020-04-01 * "Goba Goba" "Eating out with Natasha"
  Liabilities:US:Chase:Slate                       -28.35 USD
  Expenses:Food:Restaurant                          28.35 USD

2020-04-03 * "Jewel of Morroco" "Eating out "
  Liabilities:US:Chase:Slate                       -44.05 USD
  Expenses:Food:Restaurant                          44.05 USD

2020-04-04 * "Metro Transport Authority" "Tram tickets"
  Liabilities:US:Chase:Slate                      -120.00 USD
  Expenses:Transport:Tram                          120.00 USD

2020-04-07 * "Jewel of Morroco" "Eating out with Joe"
  Liabilities:US:Chase:Slate                       -37.58 USD
  Expenses:Food:Restaurant                          37.58 USD

2020-04-09 balance Liabilities:US:Chase:Slate     -744.83 USD

2020-04-09 * "China Garden" "Eating out with Bill"
  Liabilities:US:Chase:Slate                       -39.60 USD
  Expenses:Food:Restaurant                          39.60 USD

2020-04-09 * "Chase:Slate" "Paying off credit card"
  Liabilities:US:Chase:Slate                       784.43 USD
  Assets:US:BofA:Checking                         -784.43 USD

2020-04-11 * "Uncle Boons" "Eating out alone"
  Liabilities:US:Chase:Slate                       -22.46 USD
  Expenses:Food:Restaurant                          22.46 USD

2020-04-13 * "Kin Soy" "Eating out with Joe"
  Liabilities:US:Chase:Slate                       -38.33 USD
  Expenses:Food:Restaurant                          38.33 USD

2020-04-13 * "Onion Market" "Buying groceries"
  Liabilities:US:Chase:Slate                       -84.30 USD
  Expenses:Food:Groceries                           84.30 USD

2020-04-15 * "China Garden" "Eating out "
  Liabilities:US:Chase:Slate                       -31.83 USD
  Expenses:Food:Restaurant                          31.83 USD

2020-04-17 * "Jewel of Morroco" "Eating out with Joe"
  Liabilities:US:Chase:Slate                       -36.39 USD
  Expenses:Food:Restaurant                          36.39 USD

2020-04-18 * "Goba Goba" "Eating out with Natasha"
  Liabilities:US:Chase:Slate                       -32.10 USD
  Expenses:Food:Restaurant                          32.10 USD

2020-04-20 * "Kin Soy" "Eating out after work"
  Liabilities:US:Chase:Slate                       -48.41 USD
  Expenses:Food:Restaurant                          48.41 USD

2020-04-22 * "Rose Flower" "Eating out alone"
  Liabilities:US:Chase:Slate                       -26.61 USD
  Expenses:Food:Restaurant                          26.61 USD

2020-04-23 * "Good Moods Market" "Buying groceries"
  Liabilities:US:Chase:Slate                       -47.31 USD
  Expenses:Food:Groceries                           47.31 USD

2020-04-27 * "Kin Soy" "Eating out after work"
  Liabilities:US:Chase:Slate                       -20.33 USD
  Expenses:Food:Restaurant                          20.33 USD

2020-05-02 * "Chichipotle" "Eating out with work buddies"
  Liabilities:US:Chase:Slate                       -33.36 USD
  Expenses:Food:Restaurant                          33.36 USD

2020-05-03 * "Metro Transport Authority" "Tram tickets"
  Liabilities:US:Chase:Slate                      -120.00 USD
  Expenses:Transport:Tram                          120.00 USD

2020-05-06 * "Rose Flower" "Eating out with Natasha"
  Liabilities:US:Chase:Slate                       -31.40 USD
  Expenses:Food:Restaurant                          31.40 USD

2020-05-06 * "Good Moods Market" "Buying groceries"
  Liabilities:US:Chase:Slate                      -130.02 USD
  Expenses:Food:Groceries                          130.02 USD

2020-05-08 balance Liabilities:US:Chase:Slate     -702.85 USD

2020-05-10 * "China Garden" "Eating out with Natasha"
  Liabilities:US:Chase:Slate                       -25.41 USD
  Expenses:Food:Restaurant                          25.41 USD

2020-05-11 * "Chase:Slate" "Paying off credit card"
  Liabilities:US:Chase:Slate                       760.79 USD
  Assets:US:BofA:Checking                         -760.79 USD

2020-05-13 * "Kin Soy" "Eating out "
  Liabilities:US:Chase:Slate                       -32.53 USD
  Expenses:Food:Restaurant                          32.53 USD

2020-05-17 * "Jewel of Morroco" "Eating out with Julie"
  Liabilities:US:Chase:Slate                       -25.42 USD
  Expenses:Food:Restaurant                          25.42 USD

2020-05-18 * "Jewel of Morroco" "Eating out with work buddies"
  Liabilities:US:Chase:Slate                       -42.77 USD
  Expenses:Food:Restaurant                          42.77 USD

2020-05-23 * "Kin Soy" "Eating out with work buddies"
  Liabilities:US:Chase:Slate                       -29.60 USD
  Expenses:Food:Restaurant                          29.60 USD

2020-05-25 * "Uncle Boons" "Eating out with Julie"
  Liabilities:US:Chase:Slate                       -46.29 USD
  Expenses:Food:Restaurant                          46.29 USD

2020-05-25 * "Onion Market" "Buying groceries"
  Liabilities:US:Chase:Slate                       -87.89 USD
  Expenses:Food:Groceries                           87.89 USD

2020-05-26 * "Cafe Modagor" "Eating out "
  Liabilities:US:Chase:Slate                       -53.11 USD
  Expenses:Food:Restaurant                          53.11 USD

2020-05-28 * "Kin Soy" "Eating out with Natasha"
  Liabilities:US:Chase:Slate                       -29.55 USD
  Expenses:Food:Restaurant                          29.55 USD

2020-05-30 balance Liabilities:US:Chase:Slate     -314.63 USD

2020-05-31 * "Metro Transport Authority" "Tram tickets"
  Liabilities:US:Chase:Slate                      -120.00 USD
  Expenses:Transport:Tram                          120.00 USD

2020-06-02 * "Kin Soy" "Eating out with Bill"
  Liabilities:US:Chase:Slate                       -51.20 USD
  Expenses:Food:Restaurant                          51.20 USD

2020-06-03 * "Chichipotle" "Eating out "
  Liabilities:US:Chase:Slate                       -47.66 USD
  Expenses:Food:Restaurant                          47.66 USD

2020-06-03 * "Good Moods Market" "Buying groceries"
  Liabilities:US:Chase:Slate                       -94.54 USD
  Expenses:Food:Groceries                           94.54 USD

2020-06-05 * "Rose Flower" "Eating out with Natasha"
  Liabilities:US:Chase:Slate                       -38.18 USD
  Expenses:Food:Restaurant                          38.18 USD

2020-06-07 * "China Garden" "Eating out after work"
  Liabilities:US:Chase:Slate                       -14.50 USD
  Expenses:Food:Restaurant                          14.50 USD

2020-06-07 * "Chase:Slate" "Paying off credit card"
  Liabilities:US:Chase:Slate                       680.71 USD
  Assets:US:BofA:Checking                         -680.71 USD

2020-06-11 * "Kin Soy" "Eating out with Natasha"
  Liabilities:US:Chase:Slate                       -34.65 USD
  Expenses:Food:Restaurant                          34.65 USD

2020-06-11 * "Onion Market" "Buying groceries"
  Liabilities:US:Chase:Slate                      -100.94 USD
  Expenses:Food:Groceries                          100.94 USD

2020-06-16 * "Jewel of Morroco" "Eating out with Julie"
  Liabilities:US:Chase:Slate                       -12.66 USD
  Expenses:Food:Restaurant                          12.66 USD

2020-06-17 * "Chichipotle" "Eating out with Joe"
  Liabilities:US:Chase:Slate                       -23.85 USD
  Expenses:Food:Restaurant                          23.85 USD

2020-06-21 * "Rose Flower" "Eating out with Bill"
  Liabilities:US:Chase:Slate                       -17.01 USD
  Expenses:Food:Restaurant                          17.01 USD

2020-06-23 event "location" "San Francisco"

2020-06-24 * "Bar Crudo" "" #trip-san-francisco-2020 #travel
  Liabilities:US:Chase:Slate                       -74.96 USD
  Expenses:Food:Restaurant                          74.96 USD

2020-06-25 balance Liabilities:US:Chase:Slate     -264.07 USD

2020-06-26 * "Bar Crudo" "" #trip-san-francisco-2020 #travel
  Liabilities:US:Chase:Slate                       -68.70 USD
  Expenses:Food:Restaurant                          68.70 USD

2020-06-26 * "Waterbar" "" #trip-san-francisco-2020 #travel
  Liabilities:US:Chase:Slate                       -52.03 USD
  Expenses:Food:Restaurant                          52.03 USD

2020-06-27 * "Mission Chinese Food" "" #trip-san-francisco-2020 #travel
  Liabilities:US:Chase:Slate                       -16.48 USD
  Expenses:Food:Restaurant                          16.48 USD

2020-06-28 * "Bar Crudo" "" #trip-san-francisco-2020 #travel
  Liabilities:US:Chase:Slate                       -58.99 USD
  Expenses:Food:Restaurant                          58.99 USD

2020-06-28 * "Starbucks" "" #trip-san-francisco-2020 #travel
  Liabilities:US:Chase:Slate                        -6.15 USD
  Expenses:Food:Coffee                               6.15 USD

2020-06-29 * "Pizza Delfina" "" #trip-san-francisco-2020 #travel
  Liabilities:US:Chase:Slate                       -18.61 USD
  Expenses:Food:Restaurant                          18.61 USD

2020-06-29 * "Mission Chinese Food" "" #trip-san-francisco-2020 #travel
  Liabilities:US:Chase:Slate                       -25.21 USD
  Expenses:Food:Restaurant                          25.21 USD

2020-06-29 * "Starbucks" "" #trip-san-francisco-2020 #travel
  Liabilities:US:Chase:Slate                        -6.28 USD
  Expenses:Food:Coffee                               6.28 USD

2020-06-30 * "Bar Crudo" "" #trip-san-francisco-2020 #travel
  Liabilities:US:Chase:Slate                       -69.03 USD
  Expenses:Food:Restaurant                          69.03 USD

2020-06-30 * "Pizza Delfina" "" #trip-san-francisco-2020 #travel
  Liabilities:US:Chase:Slate                       -17.76 USD
  Expenses:Food:Restaurant                          17.76 USD

2020-06-30 * "Mission Chinese Food" "" #trip-san-francisco-2020 #travel
  Liabilities:US:Chase:Slate                       -31.63 USD
  Expenses:Food:Restaurant                          31.63 USD

2020-07-01 * "Mission Chinese Food" "" #trip-san-francisco-2020 #travel
  Liabilities:US:Chase:Slate                       -31.55 USD
  Expenses:Food:Restaurant                          31.55 USD

2020-07-01 * "Starbucks" "" #trip-san-francisco-2020 #travel
  Liabilities:US:Chase:Slate                        -6.00 USD
  Expenses:Food:Coffee                               6.00 USD

2020-07-02 * "Waterbar" "" #trip-san-francisco-2020 #travel
  Liabilities:US:Chase:Slate                       -52.67 USD
  Expenses:Food:Restaurant                          52.67 USD

2020-07-02 * "Starbucks" "" #trip-san-francisco-2020 #travel
  Liabilities:US:Chase:Slate                        -4.92 USD
  Expenses:Food:Coffee                               4.92 USD

2020-07-03 * "Bar Crudo" "" #trip-san-francisco-2020 #travel
  Liabilities:US:Chase:Slate                       -72.30 USD
  Expenses:Food:Restaurant                          72.30 USD

2020-07-03 * "Pizza Delfina" "" #trip-san-francisco-2020 #travel
  Liabilities:US:Chase:Slate                       -21.09 USD
  Expenses:Food:Restaurant                          21.09 USD

2020-07-03 * "Waterbar" "" #trip-san-francisco-2020 #travel
  Liabilities:US:Chase:Slate                       -38.14 USD
  Expenses:Food:Restaurant                          38.14 USD

2020-07-04 * "Pizza Delfina" "" #trip-san-francisco-2020 #travel
  Liabilities:US:Chase:Slate                       -19.30 USD
  Expenses:Food:Restaurant                          19.30 USD

2020-07-05 * "Waterbar" "" #trip-san-francisco-2020 #travel
  Liabilities:US:Chase:Slate                       -47.86 USD
  Expenses:Food:Restaurant                          47.86 USD

2020-07-05 * "Starbucks" "" #trip-san-francisco-2020 #travel
  Liabilities:US:Chase:Slate                        -5.93 USD
  Expenses:Food:Coffee                               5.93 USD

2020-07-06 * "Mission Chinese Food" "" #trip-san-francisco-2020 #travel
  Liabilities:US:Chase:Slate                       -32.61 USD
  Expenses:Food:Restaurant                          32.61 USD

2020-07-07 * "Bar Crudo" "" #trip-san-francisco-2020 #travel
  Liabilities:US:Chase:Slate                       -70.01 USD
  Expenses:Food:Restaurant                          70.01 USD

2020-07-08 * "Waterbar" "" #trip-san-francisco-2020 #travel
  Liabilities:US:Chase:Slate                       -37.90 USD
  Expenses:Food:Restaurant                          37.90 USD

2020-07-08 * "Starbucks" "" #trip-san-francisco-2020 #travel
  Liabilities:US:Chase:Slate                        -5.98 USD
  Expenses:Food:Coffee                               5.98 USD

2020-07-09 * "Bar Crudo" "" #trip-san-francisco-2020 #travel
  Liabilities:US:Chase:Slate                       -64.31 USD
  Expenses:Food:Restaurant                          64.31 USD

2020-07-09 * "Pizza Delfina" "" #trip-san-francisco-2020 #travel
  Liabilities:US:Chase:Slate                       -17.70 USD
  Expenses:Food:Restaurant                          17.70 USD

2020-07-10 * "Pizza Delfina" "" #trip-san-francisco-2020 #travel
  Liabilities:US:Chase:Slate                       -21.24 USD
  Expenses:Food:Restaurant                          21.24 USD

2020-07-10 * "Starbucks" "" #trip-san-francisco-2020 #travel
  Liabilities:US:Chase:Slate                        -5.88 USD
  Expenses:Food:Coffee                               5.88 USD

2020-07-11 * "Chase:Slate" "Paying off credit card"
  Liabilities:US:Chase:Slate                       208.45 USD
  Assets:US:BofA:Checking                         -208.45 USD

2020-07-14 * "Starbucks" "" #trip-san-francisco-2020 #travel
  Liabilities:US:Chase:Slate                        -6.53 USD
  Expenses:Food:Coffee                               6.53 USD

2020-07-14 * "Consume vacation days"

2020-07-14 event "location" "New Metropolis"

2020-07-15 balance Liabilities:US:Chase:Slate     -988.41 USD

2020-07-15 * "China Garden" "Eating out with Julie"
  Liabilities:US:Chase:Slate                       -19.34 USD
  Expenses:Food:Restaurant                          19.34 USD

2020-07-17 * "Chichipotle" "Eating out after work"
  Liabilities:US:Chase:Slate                       -36.76 USD
  Expenses:Food:Restaurant                          36.76 USD

2020-07-18 * "Jewel of Morroco" "Eating out with Bill"
  Liabilities:US:Chase:Slate                       -38.07 USD
  Expenses:Food:Restaurant                          38.07 USD

2020-07-21 * "Chichipotle" "Eating out with Bill"
  Liabilities:US:Chase:Slate                       -25.05 USD
  Expenses:Food:Restaurant                          25.05 USD

2020-07-25 * "Chichipotle" "Eating out with Julie"
  Liabilities:US:Chase:Slate                       -36.78 USD
  Expenses:Food:Restaurant                          36.78 USD

2020-07-26 * "Chichipotle" "Eating out with Natasha"
  Liabilities:US:Chase:Slate                       -20.53 USD
  Expenses:Food:Restaurant                          20.53 USD

2020-07-28 * "Metro Transport Authority" "Tram tickets"
  Liabilities:US:Chase:Slate                      -120.00 USD
  Expenses:Transport:Tram                          120.00 USD

2020-07-29 * "Rose Flower" "Eating out alone"
  Liabilities:US:Chase:Slate                       -25.97 USD
  Expenses:Food:Restaurant                          25.97 USD

2020-07-29 * "Onion Market" "Buying groceries"
  Liabilities:US:Chase:Slate                       -62.70 USD
  Expenses:Food:Groceries                           62.70 USD

2020-07-30 * "Jewel of Morroco" "Eating out with Bill"
  Liabilities:US:Chase:Slate                       -22.89 USD
  Expenses:Food:Restaurant                          22.89 USD

2020-08-03 * "China Garden" "Eating out with Julie"
  Liabilities:US:Chase:Slate                       -35.34 USD
  Expenses:Food:Restaurant                          35.34 USD

2020-08-07 * "Chichipotle" "Eating out with Julie"
  Liabilities:US:Chase:Slate                       -14.55 USD
  Expenses:Food:Restaurant                          14.55 USD

2020-08-09 * "China Garden" "Eating out with work buddies"
  Liabilities:US:Chase:Slate                       -42.79 USD
  Expenses:Food:Restaurant                          42.79 USD

2020-08-11 * "Onion Market" "Buying groceries"
  Liabilities:US:Chase:Slate                       -76.94 USD
  Expenses:Food:Groceries                           76.94 USD

2020-08-11 * "Chase:Slate" "Paying off credit card"
  Liabilities:US:Chase:Slate                       558.37 USD
  Assets:US:BofA:Checking                         -558.37 USD

2020-08-13 * "Cafe Modagor" "Eating out with Julie"
  Liabilities:US:Chase:Slate                       -54.48 USD
  Expenses:Food:Restaurant                          54.48 USD

2020-08-14 balance Liabilities:US:Chase:Slate    -1062.23 USD

2020-08-18 * "Chichipotle" "Eating out "
  Liabilities:US:Chase:Slate                       -34.54 USD
  Expenses:Food:Restaurant                          34.54 USD

2020-08-21 * "Corner Deli" "Buying groceries"
  Liabilities:US:Chase:Slate                       -69.36 USD
  Expenses:Food:Groceries                           69.36 USD

2020-08-23 * "Kin Soy" "Eating out with Bill"
  Liabilities:US:Chase:Slate                       -71.64 USD
  Expenses:Food:Restaurant                          71.64 USD

2020-08-24 * "Metro Transport Authority" "Tram tickets"
  Liabilities:US:Chase:Slate                      -120.00 USD
  Expenses:Transport:Tram                          120.00 USD

2020-08-28 * "Goba Goba" "Eating out with Julie"
  Liabilities:US:Chase:Slate                       -43.12 USD
  Expenses:Food:Restaurant                          43.12 USD

2020-08-28 * "Onion Market" "Buying groceries"
  Liabilities:US:Chase:Slate                       -67.16 USD
  Expenses:Food:Groceries                           67.16 USD

2020-08-31 * "Rose Flower" "Eating out "
  Liabilities:US:Chase:Slate                       -15.58 USD
  Expenses:Food:Restaurant                          15.58 USD

2020-09-02 * "Goba Goba" "Eating out with work buddies"
  Liabilities:US:Chase:Slate                       -14.85 USD
  Expenses:Food:Restaurant                          14.85 USD

2020-09-03 * "China Garden" "Eating out with work buddies"
  Liabilities:US:Chase:Slate                       -23.35 USD
  Expenses:Food:Restaurant                          23.35 USD

2020-09-04 * "Farmer Fresh" "Buying groceries"
  Liabilities:US:Chase:Slate                       -86.69 USD
  Expenses:Food:Groceries                           86.69 USD

2020-09-07 * "China Garden" "Eating out with Julie"
  Liabilities:US:Chase:Slate                       -26.72 USD
  Expenses:Food:Restaurant                          26.72 USD

2020-09-08 * "Rose Flower" "Eating out with Natasha"
  Liabilities:US:Chase:Slate                       -23.00 USD
  Expenses:Food:Restaurant                          23.00 USD

2020-09-10 * "Chichipotle" "Eating out with Natasha"
  Liabilities:US:Chase:Slate                       -14.89 USD
  Expenses:Food:Restaurant                          14.89 USD

2020-09-11 balance Liabilities:US:Chase:Slate    -1673.13 USD

2020-09-11 * "Chase:Slate" "Paying off credit card"
  Liabilities:US:Chase:Slate                       695.97 USD
  Assets:US:BofA:Checking                         -695.97 USD

2020-09-12 * "China Garden" "Eating out with Joe"
  Liabilities:US:Chase:Slate                       -30.59 USD
  Expenses:Food:Restaurant                          30.59 USD

2020-09-16 * "Jewel of Morroco" "Eating out with Bill"
  Liabilities:US:Chase:Slate                       -33.62 USD
  Expenses:Food:Restaurant                          33.62 USD

2020-09-17 * "Onion Market" "Buying groceries"
  Liabilities:US:Chase:Slate                       -52.84 USD
  Expenses:Food:Groceries                           52.84 USD

2020-09-19 * "Cafe Modagor" "Eating out with Joe"
  Liabilities:US:Chase:Slate                       -76.98 USD
  Expenses:Food:Restaurant                          76.98 USD

2020-09-21 * "Goba Goba" "Eating out "
  Liabilities:US:Chase:Slate                       -23.44 USD
  Expenses:Food:Restaurant                          23.44 USD

2020-09-21 * "Metro Transport Authority" "Tram tickets"
  Liabilities:US:Chase:Slate                      -120.00 USD
  Expenses:Transport:Tram                          120.00 USD

2020-09-22 * "Uncle Boons" "Eating out with Julie"
  Liabilities:US:Chase:Slate                       -49.16 USD
  Expenses:Food:Restaurant                          49.16 USD

2020-09-24 * "China Garden" "Eating out with Bill"
  Liabilities:US:Chase:Slate                       -40.49 USD
  Expenses:Food:Restaurant                          40.49 USD

2020-09-27 * "Cafe Modagor" "Eating out after work"
  Liabilities:US:Chase:Slate                       -31.03 USD
  Expenses:Food:Restaurant                          31.03 USD

2020-09-28 * "Good Moods Market" "Buying groceries"
  Liabilities:US:Chase:Slate                       -44.95 USD
  Expenses:Food:Groceries                           44.95 USD

2020-10-01 * "Uncle Boons" "Eating out with Natasha"
  Liabilities:US:Chase:Slate                       -36.97 USD
  Expenses:Food:Restaurant                          36.97 USD

2020-10-02 * "Chichipotle" "Eating out with Natasha"
  Liabilities:US:Chase:Slate                       -19.14 USD
  Expenses:Food:Restaurant                          19.14 USD

2020-10-06 * "Chichipotle" "Eating out alone"
  Liabilities:US:Chase:Slate                       -23.57 USD
  Expenses:Food:Restaurant                          23.57 USD

2020-10-07 * "Chase:Slate" "Paying off credit card"
  Liabilities:US:Chase:Slate                       642.63 USD
  Assets:US:BofA:Checking                         -642.63 USD

2020-10-08 * "Good Moods Market" "Buying groceries"
  Liabilities:US:Chase:Slate                       -90.44 USD
  Expenses:Food:Groceries                           90.44 USD

2020-10-09 balance Liabilities:US:Chase:Slate    -1007.75 USD

2020-10-09 * "Goba Goba" "Eating out after work"
  Liabilities:US:Chase:Slate                       -28.97 USD
  Expenses:Food:Restaurant                          28.97 USD

2020-10-10 * "Cafe Modagor" "Eating out "
  Liabilities:US:Chase:Slate                       -28.73 USD
  Expenses:Food:Restaurant                          28.73 USD

2020-10-12 * "Goba Goba" "Eating out with work buddies"
  Liabilities:US:Chase:Slate                       -39.70 USD
  Expenses:Food:Restaurant                          39.70 USD

2020-10-16 * "Chichipotle" "Eating out with Julie"
  Liabilities:US:Chase:Slate                       -55.77 USD
  Expenses:Food:Restaurant                          55.77 USD

2020-10-18 * "Chichipotle" "Eating out with Natasha"
  Liabilities:US:Chase:Slate                       -69.43 USD
  Expenses:Food:Restaurant                          69.43 USD

2020-10-23 * "Jewel of Morroco" "Eating out with Joe"
  Liabilities:US:Chase:Slate                       -20.25 USD
  Expenses:Food:Restaurant                          20.25 USD

2020-10-23 * "Metro Transport Authority" "Tram tickets"
  Liabilities:US:Chase:Slate                      -120.00 USD
  Expenses:Transport:Tram                          120.00 USD

2020-10-25 * "Rose Flower" "Eating out with work buddies"
  Liabilities:US:Chase:Slate                       -26.46 USD
  Expenses:Food:Restaurant                          26.46 USD

2020-10-27 * "China Garden" "Eating out alone"
  Liabilities:US:Chase:Slate                       -41.37 USD
  Expenses:Food:Restaurant                          41.37 USD

2020-10-28 * "Good Moods Market" "Buying groceries"
  Liabilities:US:Chase:Slate                       -71.96 USD
  Expenses:Food:Groceries                           71.96 USD

2020-10-30 * "Goba Goba" "Eating out with Julie"
  Liabilities:US:Chase:Slate                       -60.67 USD
  Expenses:Food:Restaurant                          60.67 USD

2020-11-04 * "Goba Goba" "Eating out with Bill"
  Liabilities:US:Chase:Slate                       -45.76 USD
  Expenses:Food:Restaurant                          45.76 USD

2020-11-05 balance Liabilities:US:Chase:Slate    -1616.82 USD

2020-11-06 * "Kin Soy" "Eating out with Bill"
  Liabilities:US:Chase:Slate                       -37.76 USD
  Expenses:Food:Restaurant                          37.76 USD

2020-11-06 * "Farmer Fresh" "Buying groceries"
  Liabilities:US:Chase:Slate                      -128.07 USD
  Expenses:Food:Groceries                          128.07 USD

2020-11-08 * "Chase:Slate" "Paying off credit card"
  Liabilities:US:Chase:Slate                       824.81 USD
  Assets:US:BofA:Checking                         -824.81 USD

2020-11-11 * "Jewel of Morroco" "Eating out "
  Liabilities:US:Chase:Slate                       -49.91 USD
  Expenses:Food:Restaurant                          49.91 USD

2020-11-15 * "Rose Flower" "Eating out with Julie"
  Liabilities:US:Chase:Slate                       -45.99 USD
  Expenses:Food:Restaurant                          45.99 USD

2020-11-15 * "Onion Market" "Buying groceries"
  Liabilities:US:Chase:Slate                      -124.72 USD
  Expenses:Food:Groceries                          124.72 USD

2020-11-16 * "Uncle Boons" "Eating out with Julie"
  Liabilities:US:Chase:Slate                       -40.03 USD
  Expenses:Food:Restaurant                          40.03 USD

2020-11-18 * "Cafe Modagor" "Eating out with Joe"
  Liabilities:US:Chase:Slate                       -21.57 USD
  Expenses:Food:Restaurant                          21.57 USD

2020-11-23 * "Chichipotle" "Eating out after work"
  Liabilities:US:Chase:Slate                       -53.17 USD
  Expenses:Food:Restaurant                          53.17 USD

2020-11-24 * "Corner Deli" "Buying groceries"
  Liabilities:US:Chase:Slate                       -84.96 USD
  Expenses:Food:Groceries                           84.96 USD

2020-11-24 * "Metro Transport Authority" "Tram tickets"
  Liabilities:US:Chase:Slate                      -120.00 USD
  Expenses:Transport:Tram                          120.00 USD

2020-11-25 balance Liabilities:US:Chase:Slate    -1498.19 USD

2020-11-28 * "Rose Flower" "Eating out with Joe"
  Liabilities:US:Chase:Slate                       -25.49 USD
  Expenses:Food:Restaurant                          25.49 USD

2020-12-01 * "Chichipotle" "Eating out alone"
  Liabilities:US:Chase:Slate                       -13.72 USD
  Expenses:Food:Restaurant                          13.72 USD

2020-12-01 * "Corner Deli" "Buying groceries"
  Liabilities:US:Chase:Slate                       -73.84 USD
  Expenses:Food:Groceries                           73.84 USD

2020-12-04 * "Kin Soy" "Eating out alone"
  Liabilities:US:Chase:Slate                       -23.96 USD
  Expenses:Food:Restaurant                          23.96 USD

2020-12-08 * "Cafe Modagor" "Eating out with Joe"
  Liabilities:US:Chase:Slate                       -35.62 USD
  Expenses:Food:Restaurant                          35.62 USD

2020-12-08 * "Farmer Fresh" "Buying groceries"
  Liabilities:US:Chase:Slate                       -87.39 USD
  Expenses:Food:Groceries                           87.39 USD

2020-12-08 * "Chase:Slate" "Paying off credit card"
  Liabilities:US:Chase:Slate                       663.07 USD
  Assets:US:BofA:Checking                         -663.07 USD

2020-12-10 * "Cafe Modagor" "Eating out alone"
  Liabilities:US:Chase:Slate                       -76.93 USD
  Expenses:Food:Restaurant                          76.93 USD

2020-12-11 * "Chichipotle" "Eating out with Joe"
  Liabilities:US:Chase:Slate                       -21.31 USD
  Expenses:Food:Restaurant                          21.31 USD

2020-12-16 * "Chichipotle" "Eating out alone"
  Liabilities:US:Chase:Slate                       -30.32 USD
  Expenses:Food:Restaurant                          30.32 USD

2020-12-17 * "Jewel of Morroco" "Eating out alone"
  Liabilities:US:Chase:Slate                       -71.34 USD
  Expenses:Food:Restaurant                          71.34 USD

2020-12-18 * "Onion Market" "Buying groceries"
  Liabilities:US:Chase:Slate                      -130.60 USD
  Expenses:Food:Groceries                          130.60 USD

2020-12-21 * "Cafe Modagor" "Eating out alone"
  Liabilities:US:Chase:Slate                       -27.76 USD
  Expenses:Food:Restaurant                          27.76 USD

2020-12-22 balance Liabilities:US:Chase:Slate    -1453.40 USD

2020-12-22 * "Goba Goba" "Eating out with work buddies"
  Liabilities:US:Chase:Slate                       -27.39 USD
  Expenses:Food:Restaurant                          27.39 USD

2020-12-23 * "Metro Transport Authority" "Tram tickets"
  Liabilities:US:Chase:Slate                      -120.00 USD
  Expenses:Transport:Tram                          120.00 USD

2020-12-26 * "Jewel of Morroco" "Eating out with Joe"
  Liabilities:US:Chase:Slate                       -11.38 USD
  Expenses:Food:Restaurant                          11.38 USD

2020-12-29 * "Uncle Boons" "Eating out alone"
  Liabilities:US:Chase:Slate                       -36.63 USD
  Expenses:Food:Restaurant                          36.63 USD

2021-01-03 * "Jewel of Morroco" "Eating out after work"
  Liabilities:US:Chase:Slate                       -17.42 USD
  Expenses:Food:Restaurant                          17.42 USD

2021-01-03 * "Onion Market" "Buying groceries"
  Liabilities:US:Chase:Slate                       -92.51 USD
  Expenses:Food:Groceries                           92.51 USD

2021-01-06 * "Chichipotle" "Eating out with work buddies"
  Liabilities:US:Chase:Slate                       -22.70 USD
  Expenses:Food:Restaurant                          22.70 USD

2021-01-10 * "Rose Flower" "Eating out after work"
  Liabilities:US:Chase:Slate                       -31.02 USD
  Expenses:Food:Restaurant                          31.02 USD

2021-01-11 * "Chase:Slate" "Paying off credit card"
  Liabilities:US:Chase:Slate                       822.56 USD
  Assets:US:BofA:Checking                         -822.56 USD

2021-01-13 * "China Garden" "Eating out with Joe"
  Liabilities:US:Chase:Slate                       -17.86 USD
  Expenses:Food:Restaurant                          17.86 USD

2021-01-17 * "Rose Flower" "Eating out with work buddies"
  Liabilities:US:Chase:Slate                       -50.72 USD
  Expenses:Food:Restaurant                          50.72 USD

2021-01-17 * "Onion Market" "Buying groceries"
  Liabilities:US:Chase:Slate                      -137.79 USD
  Expenses:Food:Groceries                          137.79 USD

2021-01-19 * "Metro Transport Authority" "Tram tickets"
  Liabilities:US:Chase:Slate                      -120.00 USD
  Expenses:Transport:Tram                          120.00 USD

2021-01-20 balance Liabilities:US:Chase:Slate    -1316.26 USD

2021-01-20 * "Chichipotle" "Eating out with work buddies"
  Liabilities:US:Chase:Slate                       -42.62 USD
  Expenses:Food:Restaurant                          42.62 USD

2021-01-24 * "Chichipotle" "Eating out with Bill"
  Liabilities:US:Chase:Slate                       -32.77 USD
  Expenses:Food:Restaurant                          32.77 USD

2021-01-24 * "Onion Market" "Buying groceries"
  Liabilities:US:Chase:Slate                      -116.23 USD
  Expenses:Food:Groceries                          116.23 USD

2021-01-28 * "Chichipotle" "Eating out with Julie"
  Liabilities:US:Chase:Slate                       -16.78 USD
  Expenses:Food:Restaurant                          16.78 USD

2021-01-31 * "Kin Soy" "Eating out with Joe"
  Liabilities:US:Chase:Slate                       -28.40 USD
  Expenses:Food:Restaurant                          28.40 USD

2021-02-04 * "China Garden" "Eating out "
  Liabilities:US:Chase:Slate                       -27.15 USD
  Expenses:Food:Restaurant                          27.15 USD

2021-02-05 * "Chichipotle" "Eating out with Bill"
  Liabilities:US:Chase:Slate                       -23.03 USD
  Expenses:Food:Restaurant                          23.03 USD

2021-02-06 * "Cafe Modagor" "Eating out with Bill"
  Liabilities:US:Chase:Slate                       -25.34 USD
  Expenses:Food:Restaurant                          25.34 USD

2021-02-07 * "Cafe Modagor" "Eating out with Bill"
  Liabilities:US:Chase:Slate                       -68.92 USD
  Expenses:Food:Restaurant                          68.92 USD

2021-02-08 * "Chase:Slate" "Paying off credit card"
  Liabilities:US:Chase:Slate                       715.73 USD
  Assets:US:BofA:Checking                         -715.73 USD

2021-02-11 * "China Garden" "Eating out with Natasha"
  Liabilities:US:Chase:Slate                       -25.98 USD
  Expenses:Food:Restaurant                          25.98 USD

2021-02-11 * "Corner Deli" "Buying groceries"
  Liabilities:US:Chase:Slate                       -74.90 USD
  Expenses:Food:Groceries                           74.90 USD

2021-02-12 event "location" "Chicago"

2021-02-13 * "Mercadito" "" #trip-chicago-2021 #travel
  Liabilities:US:Chase:Slate                       -41.06 USD
  Expenses:Food:Restaurant                          41.06 USD

2021-02-14 * "25 Degrees Burger Bar" "" #trip-chicago-2021 #travel
  Liabilities:US:Chase:Slate                       -25.08 USD
  Expenses:Food:Restaurant                          25.08 USD

2021-02-14 * "Eataly Chicago" "" #trip-chicago-2021 #travel
  Liabilities:US:Chase:Slate                       -49.28 USD
  Expenses:Food:Restaurant                          49.28 USD

2021-02-15 * "25 Degrees Burger Bar" "" #trip-chicago-2021 #travel
  Liabilities:US:Chase:Slate                       -24.10 USD
  Expenses:Food:Restaurant                          24.10 USD

2021-02-16 * "25 Degrees Burger Bar" "" #trip-chicago-2021 #travel
  Liabilities:US:Chase:Slate                       -21.72 USD
  Expenses:Food:Restaurant                          21.72 USD

2021-02-16 * "Argo Tea" "" #trip-chicago-2021 #travel
  Liabilities:US:Chase:Slate                        -6.46 USD
  Expenses:Food:Coffee                               6.46 USD

2021-02-17 balance Liabilities:US:Chase:Slate    -1250.35 USD

2021-02-17 * "Star of Siam" "" #trip-chicago-2021 #travel
  Liabilities:US:Chase:Slate                       -25.66 USD
  Expenses:Food:Restaurant                          25.66 USD

2021-02-17 * "25 Degrees Burger Bar" "" #trip-chicago-2021 #travel
  Liabilities:US:Chase:Slate                       -21.51 USD
  Expenses:Food:Restaurant                          21.51 USD

2021-02-18 * "Another Sports Pub" "" #trip-chicago-2021 #travel
  Liabilities:US:Chase:Slate                       -14.37 USD
  Expenses:Food:Alcohol                             14.37 USD

2021-02-18 * "Argo Tea" "" #trip-chicago-2021 #travel
  Liabilities:US:Chase:Slate                        -5.90 USD
  Expenses:Food:Coffee                               5.90 USD

2021-02-19 * "Another Sports Pub" "" #trip-chicago-2021 #travel
  Liabilities:US:Chase:Slate                       -11.59 USD
  Expenses:Food:Alcohol                             11.59 USD

2021-02-20 * "Star of Siam" "" #trip-chicago-2021 #travel
  Liabilities:US:Chase:Slate                       -13.13 USD
  Expenses:Food:Restaurant                          13.13 USD

2021-02-20 * "Mercadito" "" #trip-chicago-2021 #travel
  Liabilities:US:Chase:Slate                       -37.80 USD
  Expenses:Food:Restaurant                          37.80 USD

2021-02-20 * "Another Sports Pub" "" #trip-chicago-2021 #travel
  Liabilities:US:Chase:Slate                       -15.23 USD
  Expenses:Food:Alcohol                             15.23 USD

2021-02-20 * "Consume vacation days"

2021-02-20 event "location" "New Metropolis"

2021-02-21 * "Chichipotle" "Eating out with Joe"
  Liabilities:US:Chase:Slate                       -30.24 USD
  Expenses:Food:Restaurant                          30.24 USD

2021-02-22 * "China Garden" "Eating out after work"
  Liabilities:US:Chase:Slate                       -22.78 USD
  Expenses:Food:Restaurant                          22.78 USD

2021-02-23 * "Onion Market" "Buying groceries"
  Liabilities:US:Chase:Slate                      -124.78 USD
  Expenses:Food:Groceries                          124.78 USD

2021-02-25 * "China Garden" "Eating out with Bill"
  Liabilities:US:Chase:Slate                       -30.33 USD
  Expenses:Food:Restaurant                          30.33 USD

2021-02-26 * "China Garden" "Eating out with Julie"
  Liabilities:US:Chase:Slate                       -47.97 USD
  Expenses:Food:Restaurant                          47.97 USD

2021-02-28 * "Rose Flower" "Eating out with Bill"
  Liabilities:US:Chase:Slate                       -45.50 USD
  Expenses:Food:Restaurant                          45.50 USD

2021-03-02 * "Cafe Modagor" "Eating out with work buddies"
  Liabilities:US:Chase:Slate                       -23.88 USD
  Expenses:Food:Restaurant                          23.88 USD

2021-03-03 * "Kin Soy" "Eating out with Natasha"
  Liabilities:US:Chase:Slate                       -51.25 USD
  Expenses:Food:Restaurant                          51.25 USD

2021-03-08 * "Chichipotle" "Eating out with Natasha"
  Liabilities:US:Chase:Slate                       -30.85 USD
  Expenses:Food:Restaurant                          30.85 USD

2021-03-08 * "Good Moods Market" "Buying groceries"
  Liabilities:US:Chase:Slate                       -46.52 USD
  Expenses:Food:Groceries                           46.52 USD

2021-03-08 * "Chase:Slate" "Paying off credit card"
  Liabilities:US:Chase:Slate                       482.48 USD
  Assets:US:BofA:Checking                         -482.48 USD

2021-03-12 * "Chichipotle" "Eating out "
  Liabilities:US:Chase:Slate                       -77.80 USD
  Expenses:Food:Restaurant                          77.80 USD

2021-03-14 balance Liabilities:US:Chase:Slate    -1444.96 USD

2021-03-14 * "Good Moods Market" "Buying groceries"
  Liabilities:US:Chase:Slate                       -70.30 USD
  Expenses:Food:Groceries                           70.30 USD

2021-03-16 * "Rose Flower" "Eating out alone"
  Liabilities:US:Chase:Slate                       -24.56 USD
  Expenses:Food:Restaurant                          24.56 USD

2021-03-19 * "Rose Flower" "Eating out with Natasha"
  Liabilities:US:Chase:Slate                       -27.96 USD
  Expenses:Food:Restaurant                          27.96 USD

2021-03-19 * "Metro Transport Authority" "Tram tickets"
  Liabilities:US:Chase:Slate                      -120.00 USD
  Expenses:Transport:Tram                          120.00 USD

2021-03-23 * "China Garden" "Eating out with Bill"
  Liabilities:US:Chase:Slate                       -14.92 USD
  Expenses:Food:Restaurant                          14.92 USD

2021-03-27 * "Onion Market" "Buying groceries"
  Liabilities:US:Chase:Slate                       -66.51 USD
  Expenses:Food:Groceries                           66.51 USD

2021-03-28 * "Kin Soy" "Eating out with Bill"
  Liabilities:US:Chase:Slate                       -34.62 USD
  Expenses:Food:Restaurant                          34.62 USD

2021-03-29 * "Uncle Boons" "Eating out with Natasha"
  Liabilities:US:Chase:Slate                       -23.67 USD
  Expenses:Food:Restaurant                          23.67 USD

2021-03-30 * "Chichipotle" "Eating out with Joe"
  Liabilities:US:Chase:Slate                       -25.63 USD
  Expenses:Food:Restaurant                          25.63 USD

2021-04-02 * "China Garden" "Eating out with Natasha"
  Liabilities:US:Chase:Slate                       -30.05 USD
  Expenses:Food:Restaurant                          30.05 USD

2021-04-07 balance Liabilities:US:Chase:Slate    -1883.18 USD

2021-04-07 * "Goba Goba" "Eating out "
  Liabilities:US:Chase:Slate                       -22.85 USD
  Expenses:Food:Restaurant                          22.85 USD

2021-04-07 * "Chase:Slate" "Paying off credit card"
  Liabilities:US:Chase:Slate                       585.39 USD
  Assets:US:BofA:Checking                         -585.39 USD

2021-04-08 * "Onion Market" "Buying groceries"
  Liabilities:US:Chase:Slate                       -79.45 USD
  Expenses:Food:Groceries                           79.45 USD

2021-04-12 * "Goba Goba" "Eating out with Joe"
  Liabilities:US:Chase:Slate                       -58.19 USD
  Expenses:Food:Restaurant                          58.19 USD

2021-04-16 * "Jewel of Morroco" "Eating out with Joe"
  Liabilities:US:Chase:Slate                       -22.40 USD
  Expenses:Food:Restaurant                          22.40 USD

2021-04-18 * "Uncle Boons" "Eating out with Julie"
  Liabilities:US:Chase:Slate                       -39.01 USD
  Expenses:Food:Restaurant                          39.01 USD

2021-04-21 * "Metro Transport Authority" "Tram tickets"
  Liabilities:US:Chase:Slate                      -120.00 USD
  Expenses:Transport:Tram                          120.00 USD

2021-04-22 * "China Garden" "Eating out alone"
  Liabilities:US:Chase:Slate                       -54.88 USD
  Expenses:Food:Restaurant                          54.88 USD

2021-04-25 * "Chichipotle" "Eating out with Julie"
  Liabilities:US:Chase:Slate                       -16.11 USD
  Expenses:Food:Restaurant                          16.11 USD

2021-04-25 * "Corner Deli" "Buying groceries"
  Liabilities:US:Chase:Slate                      -119.86 USD
  Expenses:Food:Groceries                          119.86 USD

2021-04-27 balance Liabilities:US:Chase:Slate    -1830.54 USD

2021-04-28 * "Cafe Modagor" "Eating out with work buddies"
  Liabilities:US:Chase:Slate                       -14.04 USD
  Expenses:Food:Restaurant                          14.04 USD

2021-04-30 * "Kin Soy" "Eating out with Natasha"
  Liabilities:US:Chase:Slate                       -49.28 USD
  Expenses:Food:Restaurant                          49.28 USD

2021-05-04 * "China Garden" "Eating out with Natasha"
  Liabilities:US:Chase:Slate                       -21.24 USD
  Expenses:Food:Restaurant                          21.24 USD

2021-05-07 * "Chichipotle" "Eating out with work buddies"
  Liabilities:US:Chase:Slate                       -56.54 USD
  Expenses:Food:Restaurant                          56.54 USD

2021-05-07 * "Good Moods Market" "Buying groceries"
  Liabilities:US:Chase:Slate                       -98.29 USD
  Expenses:Food:Groceries                           98.29 USD

2021-05-09 * "China Garden" "Eating out with work buddies"
  Liabilities:US:Chase:Slate                       -22.62 USD
  Expenses:Food:Restaurant                          22.62 USD

2021-05-09 * "Chase:Slate" "Paying off credit card"
  Liabilities:US:Chase:Slate                       771.91 USD
  Assets:US:BofA:Checking                         -771.91 USD

2021-05-10 * "Goba Goba" "Eating out with work buddies"
  Liabilities:US:Chase:Slate                       -28.53 USD
  Expenses:Food:Restaurant                          28.53 USD

2021-05-12 * "Rose Flower" "Eating out with Natasha"
  Liabilities:US:Chase:Slate                       -78.69 USD
  Expenses:Food:Restaurant                          78.69 USD

2021-05-13 * "Jewel of Morroco" "Eating out with Joe"
  Liabilities:US:Chase:Slate                       -44.41 USD
  Expenses:Food:Restaurant                          44.41 USD

2021-05-15 * "Goba Goba" "Eating out with Bill"
  Liabilities:US:Chase:Slate                       -27.06 USD
  Expenses:Food:Restaurant                          27.06 USD

2021-05-17 * "Rose Flower" "Eating out "
  Liabilities:US:Chase:Slate                       -36.37 USD
  Expenses:Food:Restaurant                          36.37 USD

2021-05-18 * "Onion Market" "Buying groceries"
  Liabilities:US:Chase:Slate                       -78.59 USD
  Expenses:Food:Groceries                           78.59 USD

2021-05-20 * "Jewel of Morroco" "Eating out with Joe"
  Liabilities:US:Chase:Slate                       -26.35 USD
  Expenses:Food:Restaurant                          26.35 USD

2021-05-20 * "Metro Transport Authority" "Tram tickets"
  Liabilities:US:Chase:Slate                      -120.00 USD
  Expenses:Transport:Tram                          120.00 USD

2021-05-21 balance Liabilities:US:Chase:Slate    -1760.64 USD

2021-05-24 * "Goba Goba" "Eating out with work buddies"
  Liabilities:US:Chase:Slate                       -42.40 USD
  Expenses:Food:Restaurant                          42.40 USD

2021-05-24 * "Good Moods Market" "Buying groceries"
  Liabilities:US:Chase:Slate                      -106.21 USD
  Expenses:Food:Groceries                          106.21 USD

2021-05-28 * "Cafe Modagor" "Eating out with Julie"
  Liabilities:US:Chase:Slate                       -18.23 USD
  Expenses:Food:Restaurant                          18.23 USD

2021-05-30 * "Good Moods Market" "Buying groceries"
  Liabilities:US:Chase:Slate                       -98.98 USD
  Expenses:Food:Groceries                           98.98 USD

2021-06-01 * "Jewel of Morroco" "Eating out with Julie"
  Liabilities:US:Chase:Slate                       -27.44 USD
  Expenses:Food:Restaurant                          27.44 USD

2021-06-05 * "Uncle Boons" "Eating out with Natasha"
  Liabilities:US:Chase:Slate                       -19.64 USD
  Expenses:Food:Restaurant                          19.64 USD

2021-06-06 * "Jewel of Morroco" "Eating out with Bill"
  Liabilities:US:Chase:Slate                       -29.67 USD
  Expenses:Food:Restaurant                          29.67 USD

2021-06-06 * "Good Moods Market" "Buying groceries"
  Liabilities:US:Chase:Slate                       -59.02 USD
  Expenses:Food:Groceries                           59.02 USD

2021-06-08 * "Jewel of Morroco" "Eating out "
  Liabilities:US:Chase:Slate                       -39.58 USD
  Expenses:Food:Restaurant                          39.58 USD

2021-06-08 * "Chase:Slate" "Paying off credit card"
  Liabilities:US:Chase:Slate                       881.17 USD
  Assets:US:BofA:Checking                         -881.17 USD

2021-06-13 * "Rose Flower" "Eating out with Joe"
  Liabilities:US:Chase:Slate                       -55.50 USD
  Expenses:Food:Restaurant                          55.50 USD

2021-06-16 * "Metro Transport Authority" "Tram tickets"
  Liabilities:US:Chase:Slate                      -120.00 USD
  Expenses:Transport:Tram                          120.00 USD

2021-06-17 balance Liabilities:US:Chase:Slate    -1496.14 USD

2021-06-17 * "China Garden" "Eating out with Julie"
  Liabilities:US:Chase:Slate                       -28.65 USD
  Expenses:Food:Restaurant                          28.65 USD

2021-06-21 * "China Garden" "Eating out alone"
  Liabilities:US:Chase:Slate                       -18.25 USD
  Expenses:Food:Restaurant                          18.25 USD

2021-06-23 * "Good Moods Market" "Buying groceries"
  Liabilities:US:Chase:Slate                       -75.69 USD
  Expenses:Food:Groceries                           75.69 USD

2021-06-25 event "location" "San Francisco"

2021-06-26 * "Pizza Delfina" "" #trip-san-francisco-2021 #travel
  Liabilities:US:Chase:Slate                       -21.15 USD
  Expenses:Food:Restaurant                          21.15 USD

2021-06-26 * "Waterbar" "" #trip-san-francisco-2021 #travel
  Liabilities:US:Chase:Slate                       -53.92 USD
  Expenses:Food:Restaurant                          53.92 USD

2021-06-26 * "Mission Chinese Food" "" #trip-san-francisco-2021 #travel
  Liabilities:US:Chase:Slate                       -17.63 USD
  Expenses:Food:Restaurant                          17.63 USD

2021-06-27 * "Bar Crudo" "" #trip-san-francisco-2021 #travel
  Liabilities:US:Chase:Slate                       -59.83 USD
  Expenses:Food:Restaurant                          59.83 USD

2021-06-27 * "Waterbar" "" #trip-san-francisco-2021 #travel
  Liabilities:US:Chase:Slate                       -52.71 USD
  Expenses:Food:Restaurant                          52.71 USD

2021-06-28 * "Waterbar" "" #trip-san-francisco-2021 #travel
  Liabilities:US:Chase:Slate                       -56.60 USD
  Expenses:Food:Restaurant                          56.60 USD

2021-06-29 * "Waterbar" "" #trip-san-francisco-2021 #travel
  Liabilities:US:Chase:Slate                       -51.19 USD
  Expenses:Food:Restaurant                          51.19 USD

2021-06-30 * "Mission Chinese Food" "" #trip-san-francisco-2021 #travel
  Liabilities:US:Chase:Slate                       -36.13 USD
  Expenses:Food:Restaurant                          36.13 USD

2021-07-01 * "Pizza Delfina" "" #trip-san-francisco-2021 #travel
  Liabilities:US:Chase:Slate                       -18.58 USD
  Expenses:Food:Restaurant                          18.58 USD

2021-07-01 * "Starbucks" "" #trip-san-francisco-2021 #travel
  Liabilities:US:Chase:Slate                        -5.87 USD
  Expenses:Food:Coffee                               5.87 USD

2021-07-02 * "Bar Crudo" "" #trip-san-francisco-2021 #travel
  Liabilities:US:Chase:Slate                       -86.48 USD
  Expenses:Food:Restaurant                          86.48 USD

2021-07-02 * "Pizza Delfina" "" #trip-san-francisco-2021 #travel
  Liabilities:US:Chase:Slate                       -21.38 USD
  Expenses:Food:Restaurant                          21.38 USD

2021-07-02 * "Mission Chinese Food" "" #trip-san-francisco-2021 #travel
  Liabilities:US:Chase:Slate                       -24.69 USD
  Expenses:Food:Restaurant                          24.69 USD

2021-07-03 * "Pizza Delfina" "" #trip-san-francisco-2021 #travel
  Liabilities:US:Chase:Slate                       -18.72 USD
  Expenses:Food:Restaurant                          18.72 USD

2021-07-03 * "Starbucks" "" #trip-san-francisco-2021 #travel
  Liabilities:US:Chase:Slate                        -6.28 USD
  Expenses:Food:Coffee                               6.28 USD

2021-07-04 * "Uncle Boons" "Eating out alone"
  Liabilities:US:Chase:Slate                       -21.33 USD
  Expenses:Food:Restaurant                          21.33 USD

2021-07-04 * "Mission Chinese Food" "" #trip-san-francisco-2021 #travel
  Liabilities:US:Chase:Slate                       -25.34 USD
  Expenses:Food:Restaurant                          25.34 USD

2021-07-04 * "Consume vacation days"

2021-07-04 event "location" "New Metropolis"

2021-07-06 * "Farmer Fresh" "Buying groceries"
  Liabilities:US:Chase:Slate                       -84.76 USD
  Expenses:Food:Groceries                           84.76 USD

2021-07-09 balance Liabilities:US:Chase:Slate    -2281.32 USD

2021-07-09 * "Jewel of Morroco" "Eating out after work"
  Liabilities:US:Chase:Slate                       -21.86 USD
  Expenses:Food:Restaurant                          21.86 USD

2021-07-10 * "Chase:Slate" "Paying off credit card"
  Liabilities:US:Chase:Slate                       460.88 USD
  Assets:US:BofA:Checking                         -460.88 USD

2021-07-11 * "Chichipotle" "Eating out with work buddies"
  Liabilities:US:Chase:Slate                       -34.84 USD
  Expenses:Food:Restaurant                          34.84 USD

2021-07-15 * "Chichipotle" "Eating out with Julie"
  Liabilities:US:Chase:Slate                       -24.93 USD
  Expenses:Food:Restaurant                          24.93 USD

2021-07-16 * "Metro Transport Authority" "Tram tickets"
  Liabilities:US:Chase:Slate                      -120.00 USD
  Expenses:Transport:Tram                          120.00 USD

2021-07-19 * "Kin Soy" "Eating out with Bill"
  Liabilities:US:Chase:Slate                       -48.10 USD
  Expenses:Food:Restaurant                          48.10 USD

2021-07-20 * "Goba Goba" "Eating out after work"
  Liabilities:US:Chase:Slate                       -36.16 USD
  Expenses:Food:Restaurant                          36.16 USD

2021-07-20 * "Good Moods Market" "Buying groceries"
  Liabilities:US:Chase:Slate                       -44.45 USD
  Expenses:Food:Groceries                           44.45 USD

2021-07-24 * "Rose Flower" "Eating out after work"
  Liabilities:US:Chase:Slate                       -26.48 USD
  Expenses:Food:Restaurant                          26.48 USD

2021-07-25 * "Uncle Boons" "Eating out alone"
  Liabilities:US:Chase:Slate                       -24.80 USD
  Expenses:Food:Restaurant                          24.80 USD

2021-07-28 * "Chichipotle" "Eating out with Julie"
  Liabilities:US:Chase:Slate                       -65.11 USD
  Expenses:Food:Restaurant                          65.11 USD

2021-07-30 * "China Garden" "Eating out with Julie"
  Liabilities:US:Chase:Slate                       -26.51 USD
  Expenses:Food:Restaurant                          26.51 USD

2021-08-01 * "Corner Deli" "Buying groceries"
  Liabilities:US:Chase:Slate                       -53.60 USD
  Expenses:Food:Groceries                           53.60 USD

2021-08-04 balance Liabilities:US:Chase:Slate    -2347.28 USD

2021-08-04 * "Chichipotle" "Eating out alone"
  Liabilities:US:Chase:Slate                       -31.81 USD
  Expenses:Food:Restaurant                          31.81 USD

2021-08-09 * "Kin Soy" "Eating out with work buddies"
  Liabilities:US:Chase:Slate                       -26.14 USD
  Expenses:Food:Restaurant                          26.14 USD

2021-08-09 * "Chase:Slate" "Paying off credit card"
  Liabilities:US:Chase:Slate                       528.09 USD
  Assets:US:BofA:Checking                         -528.09 USD

2021-08-12 * "Kin Soy" "Eating out after work"
  Liabilities:US:Chase:Slate                       -15.19 USD
  Expenses:Food:Restaurant                          15.19 USD

2021-08-14 * "Jewel of Morroco" "Eating out alone"
  Liabilities:US:Chase:Slate                       -21.14 USD
  Expenses:Food:Restaurant                          21.14 USD

2021-08-15 * "Metro Transport Authority" "Tram tickets"
  Liabilities:US:Chase:Slate                      -120.00 USD
  Expenses:Transport:Tram                          120.00 USD

2021-08-19 * "Chichipotle" "Eating out with work buddies"
  Liabilities:US:Chase:Slate                       -24.88 USD
  Expenses:Food:Restaurant                          24.88 USD

2021-08-20 * "Uncle Boons" "Eating out alone"
  Liabilities:US:Chase:Slate                       -65.06 USD
  Expenses:Food:Restaurant                          65.06 USD

2021-08-20 * "Onion Market" "Buying groceries"
  Liabilities:US:Chase:Slate                       -79.26 USD
  Expenses:Food:Groceries                           79.26 USD

2021-08-24 balance Liabilities:US:Chase:Slate    -2202.67 USD

2021-08-25 * "Kin Soy" "Eating out alone"
  Liabilities:US:Chase:Slate                       -18.16 USD
  Expenses:Food:Restaurant                          18.16 USD

2021-08-28 * "Chichipotle" "Eating out with Julie"
  Liabilities:US:Chase:Slate                       -44.37 USD
  Expenses:Food:Restaurant                          44.37 USD

2021-09-01 * "China Garden" "Eating out with Julie"
  Liabilities:US:Chase:Slate                       -21.50 USD
  Expenses:Food:Restaurant                          21.50 USD

2021-09-06 * "Kin Soy" "Eating out with Julie"
  Liabilities:US:Chase:Slate                       -15.90 USD
  Expenses:Food:Restaurant                          15.90 USD

2021-09-06 * "Onion Market" "Buying groceries"
  Liabilities:US:Chase:Slate                       -84.27 USD
  Expenses:Food:Groceries                           84.27 USD

2021-09-08 * "Uncle Boons" "Eating out "
  Liabilities:US:Chase:Slate                       -38.51 USD
  Expenses:Food:Restaurant                          38.51 USD

2021-09-08 * "Chase:Slate" "Paying off credit card"
  Liabilities:US:Chase:Slate                       548.24 USD
  Assets:US:BofA:Checking                         -548.24 USD

2021-09-09 * "Rose Flower" "Eating out with Joe"
  Liabilities:US:Chase:Slate                       -37.97 USD
  Expenses:Food:Restaurant                          37.97 USD

2021-09-11 * "Kin Soy" "Eating out with work buddies"
  Liabilities:US:Chase:Slate                       -51.12 USD
  Expenses:Food:Restaurant                          51.12 USD

2021-09-11 * "Metro Transport Authority" "Tram tickets"
  Liabilities:US:Chase:Slate                      -120.00 USD
  Expenses:Transport:Tram                          120.00 USD

2021-09-14 * "China Garden" "Eating out with Joe"
  Liabilities:US:Chase:Slate                       -51.24 USD
  Expenses:Food:Restaurant                          51.24 USD

2021-09-16 * "Rose Flower" "Eating out after work"
  Liabilities:US:Chase:Slate                       -27.28 USD
  Expenses:Food:Restaurant                          27.28 USD

2021-09-19 * "Goba Goba" "Eating out alone"
  Liabilities:US:Chase:Slate                       -17.68 USD
  Expenses:Food:Restaurant                          17.68 USD

2021-09-23 balance Liabilities:US:Chase:Slate    -2182.43 USD

2021-09-23 * "Kin Soy" "Eating out with Bill"
  Liabilities:US:Chase:Slate                       -34.67 USD
  Expenses:Food:Restaurant                          34.67 USD

2021-09-26 * "Corner Deli" "Buying groceries"
  Liabilities:US:Chase:Slate                       -50.84 USD
  Expenses:Food:Groceries                           50.84 USD

2021-09-28 * "Chichipotle" "Eating out "
  Liabilities:US:Chase:Slate                       -21.42 USD
  Expenses:Food:Restaurant                          21.42 USD

2021-09-30 * "Goba Goba" "Eating out alone"
  Liabilities:US:Chase:Slate                       -22.15 USD
  Expenses:Food:Restaurant                          22.15 USD

2021-10-04 * "Kin Soy" "Eating out with Joe"
  Liabilities:US:Chase:Slate                       -37.93 USD
  Expenses:Food:Restaurant                          37.93 USD

2021-10-08 * "Chase:Slate" "Paying off credit card"
  Liabilities:US:Chase:Slate                       493.59 USD
  Assets:US:BofA:Checking                         -493.59 USD

2021-10-09 * "Goba Goba" "Eating out alone"
  Liabilities:US:Chase:Slate                       -21.29 USD
  Expenses:Food:Restaurant                          21.29 USD

2021-10-11 * "Goba Goba" "Eating out with Julie"
  Liabilities:US:Chase:Slate                       -41.75 USD
  Expenses:Food:Restaurant                          41.75 USD

2021-10-11 * "Metro Transport Authority" "Tram tickets"
  Liabilities:US:Chase:Slate                      -120.00 USD
  Expenses:Transport:Tram                          120.00 USD

2021-10-13 * "Uncle Boons" "Eating out "
  Liabilities:US:Chase:Slate                       -26.57 USD
  Expenses:Food:Restaurant                          26.57 USD

2021-10-14 balance Liabilities:US:Chase:Slate    -2065.46 USD

2021-10-15 * "Farmer Fresh" "Buying groceries"
  Liabilities:US:Chase:Slate                       -72.70 USD
  Expenses:Food:Groceries                           72.70 USD

2021-10-17 * "Cafe Modagor" "Eating out with Natasha"
  Liabilities:US:Chase:Slate                       -24.66 USD
  Expenses:Food:Restaurant                          24.66 USD

2021-10-18 * "Jewel of Morroco" "Eating out "
  Liabilities:US:Chase:Slate                       -18.90 USD
  Expenses:Food:Restaurant                          18.90 USD

2021-10-23 * "Rose Flower" "Eating out with Natasha"
  Liabilities:US:Chase:Slate                       -61.68 USD
  Expenses:Food:Restaurant                          61.68 USD

2021-10-26 * "Rose Flower" "Eating out with Julie"
  Liabilities:US:Chase:Slate                       -24.16 USD
  Expenses:Food:Restaurant                          24.16 USD

2021-10-27 * "Cafe Modagor" "Eating out after work"
  Liabilities:US:Chase:Slate                       -31.09 USD
  Expenses:Food:Restaurant                          31.09 USD

2021-10-28 * "Good Moods Market" "Buying groceries"
  Liabilities:US:Chase:Slate                       -93.09 USD
  Expenses:Food:Groceries                           93.09 USD

2021-10-30 * "Cafe Modagor" "Eating out with Natasha"
  Liabilities:US:Chase:Slate                       -33.50 USD
  Expenses:Food:Restaurant                          33.50 USD

2021-11-01 * "Chichipotle" "Eating out with Julie"
  Liabilities:US:Chase:Slate                       -16.22 USD
  Expenses:Food:Restaurant                          16.22 USD

2021-11-02 * "Cafe Modagor" "Eating out with Joe"
  Liabilities:US:Chase:Slate                       -51.66 USD
  Expenses:Food:Restaurant                          51.66 USD

2021-11-05 balance Liabilities:US:Chase:Slate    -2493.12 USD

2021-11-05 * "Chichipotle" "Eating out with Natasha"
  Liabilities:US:Chase:Slate                       -30.09 USD
  Expenses:Food:Restaurant                          30.09 USD

2021-11-09 * "China Garden" "Eating out with Natasha"
  Liabilities:US:Chase:Slate                       -31.40 USD
  Expenses:Food:Restaurant                          31.40 USD

2021-11-10 * "Chase:Slate" "Paying off credit card"
  Liabilities:US:Chase:Slate                       726.33 USD
  Assets:US:BofA:Checking                         -726.33 USD

2021-11-11 * "Chichipotle" "Eating out with Joe"
  Liabilities:US:Chase:Slate                       -48.86 USD
  Expenses:Food:Restaurant                          48.86 USD

2021-11-11 * "Metro Transport Authority" "Tram tickets"
  Liabilities:US:Chase:Slate                      -120.00 USD
  Expenses:Transport:Tram                          120.00 USD

2021-11-16 * "China Garden" "Eating out alone"
  Liabilities:US:Chase:Slate                       -13.68 USD
  Expenses:Food:Restaurant                          13.68 USD

2021-11-16 * "Corner Deli" "Buying groceries"
  Liabilities:US:Chase:Slate                       -61.12 USD
  Expenses:Food:Groceries                           61.12 USD

2021-11-19 * "Goba Goba" "Eating out with work buddies"
  Liabilities:US:Chase:Slate                       -42.61 USD
  Expenses:Food:Restaurant                          42.61 USD

2021-11-20 * "China Garden" "Eating out alone"
  Liabilities:US:Chase:Slate                       -15.34 USD
  Expenses:Food:Restaurant                          15.34 USD

2021-11-24 * "Rose Flower" "Eating out with Natasha"
  Liabilities:US:Chase:Slate                       -29.29 USD
  Expenses:Food:Restaurant                          29.29 USD

2021-11-26 * "Jewel of Morroco" "Eating out with Natasha"
  Liabilities:US:Chase:Slate                       -48.47 USD
  Expenses:Food:Restaurant                          48.47 USD

2021-11-29 * "Onion Market" "Buying groceries"
  Liabilities:US:Chase:Slate                       -47.82 USD
  Expenses:Food:Groceries                           47.82 USD

2021-11-30 * "Rose Flower" "Eating out with Bill"
  Liabilities:US:Chase:Slate                       -20.79 USD
  Expenses:Food:Restaurant                          20.79 USD

2021-12-02 balance Liabilities:US:Chase:Slate    -2276.26 USD

2021-12-02 * "China Garden" "Eating out with Bill"
  Liabilities:US:Chase:Slate                       -37.73 USD
  Expenses:Food:Restaurant                          37.73 USD

2021-12-06 * "Uncle Boons" "Eating out after work"
  Liabilities:US:Chase:Slate                       -62.73 USD
  Expenses:Food:Restaurant                          62.73 USD

2021-12-09 * "Chase:Slate" "Paying off credit card"
  Liabilities:US:Chase:Slate                       619.58 USD
  Assets:US:BofA:Checking                         -619.58 USD

2021-12-10 * "Metro Transport Authority" "Tram tickets"
  Liabilities:US:Chase:Slate                      -120.00 USD
  Expenses:Transport:Tram                          120.00 USD

2021-12-11 * "Goba Goba" "Eating out with Bill"
  Liabilities:US:Chase:Slate                       -37.63 USD
  Expenses:Food:Restaurant                          37.63 USD

2021-12-14 * "Chichipotle" "Eating out alone"
  Liabilities:US:Chase:Slate                       -24.95 USD
  Expenses:Food:Restaurant                          24.95 USD

2021-12-15 * "Uncle Boons" "Eating out after work"
  Liabilities:US:Chase:Slate                       -41.14 USD
  Expenses:Food:Restaurant                          41.14 USD

2021-12-16 * "Onion Market" "Buying groceries"
  Liabilities:US:Chase:Slate                       -54.67 USD
  Expenses:Food:Groceries                           54.67 USD

2021-12-17 * "Chichipotle" "Eating out with work buddies"
  Liabilities:US:Chase:Slate                       -46.00 USD
  Expenses:Food:Restaurant                          46.00 USD

2021-12-20 * "Goba Goba" "Eating out with work buddies"
  Liabilities:US:Chase:Slate                       -27.41 USD
  Expenses:Food:Restaurant                          27.41 USD

2021-12-21 event "location" "Chicago"

2021-12-22 * "Mercadito" "" #trip-chicago-2021 #travel
  Liabilities:US:Chase:Slate                       -36.34 USD
  Expenses:Food:Restaurant                          36.34 USD

2021-12-22 * "Argo Tea" "" #trip-chicago-2021 #travel
  Liabilities:US:Chase:Slate                        -6.61 USD
  Expenses:Food:Coffee                               6.61 USD

2021-12-23 * "25 Degrees Burger Bar" "" #trip-chicago-2021 #travel
  Liabilities:US:Chase:Slate                       -23.32 USD
  Expenses:Food:Restaurant                          23.32 USD

2021-12-24 * "Mercadito" "" #trip-chicago-2021 #travel
  Liabilities:US:Chase:Slate                       -40.92 USD
  Expenses:Food:Restaurant                          40.92 USD

2021-12-24 * "Another Sports Pub" "" #trip-chicago-2021 #travel
  Liabilities:US:Chase:Slate                        -9.01 USD
  Expenses:Food:Alcohol                              9.01 USD

2021-12-25 * "Mercadito" "" #trip-chicago-2021 #travel
  Liabilities:US:Chase:Slate                       -45.38 USD
  Expenses:Food:Restaurant                          45.38 USD

2021-12-25 * "Another Sports Pub" "" #trip-chicago-2021 #travel
  Liabilities:US:Chase:Slate                       -14.39 USD
  Expenses:Food:Alcohol                             14.39 USD

2021-12-26 balance Liabilities:US:Chase:Slate    -2284.91 USD

2021-12-26 * "Eataly Chicago" "" #trip-chicago-2021 #travel
  Liabilities:US:Chase:Slate                       -51.26 USD
  Expenses:Food:Restaurant                          51.26 USD

2021-12-26 * "Argo Tea" "" #trip-chicago-2021 #travel
  Liabilities:US:Chase:Slate                        -6.83 USD
  Expenses:Food:Coffee                               6.83 USD

2021-12-27 * "Star of Siam" "" #trip-chicago-2021 #travel
  Liabilities:US:Chase:Slate                       -24.16 USD
  Expenses:Food:Restaurant                          24.16 USD

2021-12-27 * "Eataly Chicago" "" #trip-chicago-2021 #travel
  Liabilities:US:Chase:Slate                       -41.66 USD
  Expenses:Food:Restaurant                          41.66 USD

2021-12-28 * "Star of Siam" "" #trip-chicago-2021 #travel
  Liabilities:US:Chase:Slate                       -25.14 USD
  Expenses:Food:Restaurant                          25.14 USD

2021-12-28 * "Mercadito" "" #trip-chicago-2021 #travel
  Liabilities:US:Chase:Slate                       -47.14 USD
  Expenses:Food:Restaurant                          47.14 USD

2021-12-28 * "Eataly Chicago" "" #trip-chicago-2021 #travel
  Liabilities:US:Chase:Slate                       -32.84 USD
  Expenses:Food:Restaurant                          32.84 USD

2021-12-28 * "Argo Tea" "" #trip-chicago-2021 #travel
  Liabilities:US:Chase:Slate                        -6.57 USD
  Expenses:Food:Coffee                               6.57 USD

2021-12-29 * "Star of Siam" "" #trip-chicago-2021 #travel
  Liabilities:US:Chase:Slate                       -28.27 USD
  Expenses:Food:Restaurant                          28.27 USD

2021-12-29 * "25 Degrees Burger Bar" "" #trip-chicago-2021 #travel
  Liabilities:US:Chase:Slate                       -23.98 USD
  Expenses:Food:Restaurant                          23.98 USD

2021-12-29 * "Argo Tea" "" #trip-chicago-2021 #travel
  Liabilities:US:Chase:Slate                        -6.90 USD
  Expenses:Food:Coffee                               6.90 USD

2021-12-30 * "Star of Siam" "" #trip-chicago-2021 #travel
  Liabilities:US:Chase:Slate                       -22.80 USD
  Expenses:Food:Restaurant                          22.80 USD

2021-12-30 * "Mercadito" "" #trip-chicago-2021 #travel
  Liabilities:US:Chase:Slate                       -39.42 USD
  Expenses:Food:Restaurant                          39.42 USD

2021-12-30 * "Another Sports Pub" "" #trip-chicago-2021 #travel
  Liabilities:US:Chase:Slate                       -10.69 USD
  Expenses:Food:Alcohol                             10.69 USD

2021-12-30 * "Argo Tea" "" #trip-chicago-2021 #travel
  Liabilities:US:Chase:Slate                        -5.87 USD
  Expenses:Food:Coffee                               5.87 USD

2021-12-31 * "25 Degrees Burger Bar" "" #trip-chicago-2021 #travel
  Liabilities:US:Chase:Slate                       -28.67 USD
  Expenses:Food:Restaurant                          28.67 USD

2021-12-31 * "Eataly Chicago" "" #trip-chicago-2021 #travel
  Liabilities:US:Chase:Slate                       -37.75 USD
  Expenses:Food:Restaurant                          37.75 USD

2021-12-31 * "Argo Tea" "" #trip-chicago-2021 #travel
  Liabilities:US:Chase:Slate                        -6.30 USD
  Expenses:Food:Coffee                               6.30 USD

2022-01-01 * "Star of Siam" "" #trip-chicago-2021 #travel
  Liabilities:US:Chase:Slate                       -27.57 USD
  Expenses:Food:Restaurant                          27.57 USD

2022-01-01 * "Eataly Chicago" "" #trip-chicago-2021 #travel
  Liabilities:US:Chase:Slate                       -43.21 USD
  Expenses:Food:Restaurant                          43.21 USD

2022-01-02 * "Mercadito" "" #trip-chicago-2021 #travel
  Liabilities:US:Chase:Slate                       -43.82 USD
  Expenses:Food:Restaurant                          43.82 USD

2022-01-02 * "Argo Tea" "" #trip-chicago-2021 #travel
  Liabilities:US:Chase:Slate                        -6.23 USD
  Expenses:Food:Coffee                               6.23 USD

2022-01-02 * "Consume vacation days"

2022-01-02 event "location" "New Metropolis"

2022-01-03 * "Corner Deli" "Buying groceries"
  Liabilities:US:Chase:Slate                      -113.32 USD
  Expenses:Food:Groceries                          113.32 USD

2022-01-04 * "Cafe Modagor" "Eating out alone"
  Liabilities:US:Chase:Slate                       -29.09 USD
  Expenses:Food:Restaurant                          29.09 USD

2022-01-06 * "Goba Goba" "Eating out alone"
  Liabilities:US:Chase:Slate                       -28.74 USD
  Expenses:Food:Restaurant                          28.74 USD

2022-01-07 * "Chase:Slate" "Paying off credit card"
  Liabilities:US:Chase:Slate                       522.95 USD
  Assets:US:BofA:Checking                         -522.95 USD

2022-01-08 * "Metro Transport Authority" "Tram tickets"
  Liabilities:US:Chase:Slate                      -120.00 USD
  Expenses:Transport:Tram                          120.00 USD

2022-01-10 * "Goba Goba" "Eating out with Bill"
  Liabilities:US:Chase:Slate                       -24.91 USD
  Expenses:Food:Restaurant                          24.91 USD

2022-01-12 * "Uncle Boons" "Eating out alone"
  Liabilities:US:Chase:Slate                       -37.64 USD
  Expenses:Food:Restaurant                          37.64 USD

2022-01-16 * "Jewel of Morroco" "Eating out with Joe"
  Liabilities:US:Chase:Slate                       -40.20 USD
  Expenses:Food:Restaurant                          40.20 USD

2022-01-17 * "Cafe Modagor" "Eating out with Natasha"
  Liabilities:US:Chase:Slate                       -26.22 USD
  Expenses:Food:Restaurant                          26.22 USD

2022-01-17 * "Good Moods Market" "Buying groceries"
  Liabilities:US:Chase:Slate                       -85.57 USD
  Expenses:Food:Groceries                           85.57 USD

2022-01-19 * "Uncle Boons" "Eating out "
  Liabilities:US:Chase:Slate                       -21.32 USD
  Expenses:Food:Restaurant                          21.32 USD

2022-01-22 * "Chichipotle" "Eating out with Julie"
  Liabilities:US:Chase:Slate                       -48.07 USD
  Expenses:Food:Restaurant                          48.07 USD

2022-01-24 balance Liabilities:US:Chase:Slate    -2904.12 USD

2022-01-25 * "Good Moods Market" "Buying groceries"
  Liabilities:US:Chase:Slate                       -65.88 USD
  Expenses:Food:Groceries                           65.88 USD

2022-01-26 * "Rose Flower" "Eating out with Joe"
  Liabilities:US:Chase:Slate                       -25.62 USD
  Expenses:Food:Restaurant                          25.62 USD

2022-01-30 * "Chichipotle" "Eating out "
  Liabilities:US:Chase:Slate                       -59.72 USD
  Expenses:Food:Restaurant                          59.72 USD

2022-01-31 * "Rose Flower" "Eating out after work"
  Liabilities:US:Chase:Slate                       -36.16 USD
  Expenses:Food:Restaurant                          36.16 USD

2022-02-03 * "Rose Flower" "Eating out alone"
  Liabilities:US:Chase:Slate                       -22.41 USD
  Expenses:Food:Restaurant                          22.41 USD

2022-02-07 * "Kin Soy" "Eating out with Julie"
  Liabilities:US:Chase:Slate                       -31.14 USD
  Expenses:Food:Restaurant                          31.14 USD

2022-02-07 * "Metro Transport Authority" "Tram tickets"
  Liabilities:US:Chase:Slate                      -120.00 USD
  Expenses:Transport:Tram                          120.00 USD

2022-02-11 * "Goba Goba" "Eating out "
  Liabilities:US:Chase:Slate                       -23.58 USD
  Expenses:Food:Restaurant                          23.58 USD

2022-02-12 * "Uncle Boons" "Eating out after work"
  Liabilities:US:Chase:Slate                       -25.20 USD
  Expenses:Food:Restaurant                          25.20 USD

2022-02-12 * "Good Moods Market" "Buying groceries"
  Liabilities:US:Chase:Slate                       -81.53 USD
  Expenses:Food:Groceries                           81.53 USD

2022-02-13 balance Liabilities:US:Chase:Slate    -3395.36 USD

2022-02-16 * "Chichipotle" "Eating out with Julie"
  Liabilities:US:Chase:Slate                       -24.06 USD
  Expenses:Food:Restaurant                          24.06 USD

2022-02-20 * "Farmer Fresh" "Buying groceries"
  Liabilities:US:Chase:Slate                       -92.94 USD
  Expenses:Food:Groceries                           92.94 USD

2022-02-21 * "Chichipotle" "Eating out after work"
  Liabilities:US:Chase:Slate                       -43.08 USD
  Expenses:Food:Restaurant                          43.08 USD



* Taxable Investments

2020-01-01 open Assets:US:ETrade:Cash                       USD
2020-01-01 open Assets:US:ETrade:ITOT                       ITOT
2020-01-01 open Assets:US:ETrade:VEA                       VEA
2020-01-01 open Assets:US:ETrade:VHT                       VHT
2020-01-01 open Assets:US:ETrade:GLD                       GLD
2020-01-01 open Income:US:ETrade:PnL                        USD
2020-01-01 open Income:US:ETrade:ITOT:Dividend              USD
2020-01-01 open Income:US:ETrade:VEA:Dividend              USD
2020-01-01 open Income:US:ETrade:VHT:Dividend              USD
2020-01-01 open Income:US:ETrade:GLD:Dividend              USD

2020-09-17 * "Dividends on portfolio"
  Assets:US:ETrade:Cash                              0.00 USD
  Income:US:ETrade:ITOT:Dividend                     0.00 USD

2020-10-04 * "Buy shares of ITOT"
  Assets:US:ETrade:Cash                          -1061.65 USD
  Assets:US:ETrade:ITOT                                10 ITOT {105.27 USD, 2020-10-04}
  Expenses:Financial:Commissions                     8.95 USD

2020-10-04 * "Buy shares of VHT"
  Assets:US:ETrade:Cash                           -971.85 USD
  Assets:US:ETrade:VHT                                  5 VHT {192.58 USD, 2020-10-04}
  Expenses:Financial:Commissions                     8.95 USD

2020-10-04 * "Buy shares of GLD"
  Assets:US:ETrade:Cash                          -1009.11 USD
  Assets:US:ETrade:GLD                                  8 GLD {125.02 USD, 2020-10-04}
  Expenses:Financial:Commissions                     8.95 USD

2020-12-03 * "Buy shares of VEA"
  Assets:US:ETrade:Cash                          -4393.11 USD
  Assets:US:ETrade:VEA                                 22 VEA {199.28 USD, 2020-12-03}
  Expenses:Financial:Commissions                     8.95 USD

2020-12-17 * "Dividends on portfolio"
  Assets:US:ETrade:Cash                             29.60 USD
  Income:US:ETrade:VEA:Dividend                    -29.60 USD

2021-03-18 * "Dividends on portfolio"
  Assets:US:ETrade:Cash                             29.60 USD
  Income:US:ETrade:ITOT:Dividend                   -29.60 USD

2021-04-21 * "Sell shares of VEA"
  Assets:US:ETrade:VEA                                -22 VEA {199.28 USD, 2020-12-03} @ 207.53 USD
  Assets:US:ETrade:Cash                           4556.71 USD
  Expenses:Financial:Commissions                     8.95 USD
  Income:US:ETrade:PnL                            -181.50 USD

2021-04-22 * "Buy shares of VEA"
  Assets:US:ETrade:Cash                          -1046.60 USD
  Assets:US:ETrade:VEA                                  5 VEA {207.53 USD, 2021-04-22}
  Expenses:Financial:Commissions                     8.95 USD

2021-04-22 * "Buy shares of GLD"
  Assets:US:ETrade:Cash                           -985.52 USD
  Assets:US:ETrade:GLD                                  7 GLD {139.51 USD, 2021-04-22}
  Expenses:Financial:Commissions                     8.95 USD

2021-04-22 * "Buy shares of ITOT"
  Assets:US:ETrade:Cash                          -1046.15 USD
  Assets:US:ETrade:ITOT                                10 ITOT {103.72 USD, 2021-04-22}
  Expenses:Financial:Commissions                     8.95 USD

2021-04-22 * "Buy shares of VHT"
  Assets:US:ETrade:Cash                           -899.51 USD
  Assets:US:ETrade:VHT                                  4 VHT {222.64 USD, 2021-04-22}
  Expenses:Financial:Commissions                     8.95 USD

2021-06-18 * "Dividends on portfolio"
  Assets:US:ETrade:Cash                             45.37 USD
  Income:US:ETrade:GLD:Dividend                    -45.37 USD

2021-09-14 * "Buy shares of ITOT"
  Assets:US:ETrade:Cash                          -1678.18 USD
  Assets:US:ETrade:ITOT                                17 ITOT {98.19 USD, 2021-09-14}
  Expenses:Financial:Commissions                     8.95 USD

2021-09-14 * "Buy shares of VHT"
  Assets:US:ETrade:Cash                          -1706.24 USD
  Assets:US:ETrade:VHT                                  7 VHT {242.47 USD, 2021-09-14}
  Expenses:Financial:Commissions                     8.95 USD

2021-09-14 * "Buy shares of VEA"
  Assets:US:ETrade:Cash                          -1543.42 USD
  Assets:US:ETrade:VEA                                  7 VEA {219.21 USD, 2021-09-14}
  Expenses:Financial:Commissions                     8.95 USD

2021-09-18 * "Dividends on portfolio"
  Assets:US:ETrade:Cash                             64.97 USD
  Income:US:ETrade:VHT:Dividend                    -64.97 USD

2021-09-22 * "Sell shares of VHT"
  Assets:US:ETrade:VHT                                 -5 VHT {192.58 USD, 2020-10-04} @ 243.66 USD
  Assets:US:ETrade:Cash                           1209.35 USD
  Expenses:Financial:Commissions                     8.95 USD
  Income:US:ETrade:PnL                            -255.40 USD

2021-09-24 * "Buy shares of VEA"
  Assets:US:ETrade:Cash                           -224.22 USD
  Assets:US:ETrade:VEA                                  1 VEA {215.27 USD, 2021-09-24}
  Expenses:Financial:Commissions                     8.95 USD

2021-09-24 * "Buy shares of VHT"
  Assets:US:ETrade:Cash                           -255.00 USD
  Assets:US:ETrade:VHT                                  1 VHT {246.05 USD, 2021-09-24}
  Expenses:Financial:Commissions                     8.95 USD

2021-09-24 * "Buy shares of ITOT"
  Assets:US:ETrade:Cash                           -305.71 USD
  Assets:US:ETrade:ITOT                                 3 ITOT {98.92 USD, 2021-09-24}
  Expenses:Financial:Commissions                     8.95 USD

2021-09-24 * "Buy shares of GLD"
  Assets:US:ETrade:Cash                           -287.41 USD
  Assets:US:ETrade:GLD                                  2 GLD {139.23 USD, 2021-09-24}
  Expenses:Financial:Commissions                     8.95 USD

2021-10-24 * "Buy shares of VEA"
  Assets:US:ETrade:Cash                           -903.63 USD
  Assets:US:ETrade:VEA                                  4 VEA {223.67 USD, 2021-10-24}
  Expenses:Financial:Commissions                     8.95 USD

2021-10-24 * "Buy shares of VHT"
  Assets:US:ETrade:Cash                           -955.79 USD
  Assets:US:ETrade:VHT                                  4 VHT {236.71 USD, 2021-10-24}
  Expenses:Financial:Commissions                     8.95 USD

2021-10-24 * "Buy shares of ITOT"
  Assets:US:ETrade:Cash                           -919.03 USD
  Assets:US:ETrade:ITOT                                 9 ITOT {101.12 USD, 2021-10-24}
  Expenses:Financial:Commissions                     8.95 USD

2021-10-24 * "Buy shares of GLD"
  Assets:US:ETrade:Cash                           -977.89 USD
  Assets:US:ETrade:GLD                                  7 GLD {138.42 USD, 2021-10-24}
  Expenses:Financial:Commissions                     8.95 USD

2021-11-17 * "Sell shares of VEA"
  Assets:US:ETrade:VEA                                 -5 VEA {207.53 USD, 2021-04-22} @ 230.25 USD
  Assets:US:ETrade:Cash                           1142.30 USD
  Expenses:Financial:Commissions                     8.95 USD
  Income:US:ETrade:PnL                            -113.60 USD

2021-12-06 * "Buy shares of VEA"
  Assets:US:ETrade:Cash                          -1553.08 USD
  Assets:US:ETrade:VEA                                  7 VEA {220.59 USD, 2021-12-06}
  Expenses:Financial:Commissions                     8.95 USD

2021-12-17 * "Dividends on portfolio"
  Assets:US:ETrade:Cash                             90.18 USD
  Income:US:ETrade:GLD:Dividend                    -90.18 USD

2021-12-20 * "Buy shares of GLD"
  Assets:US:ETrade:Cash                          -4012.95 USD
  Assets:US:ETrade:GLD                                 28 GLD {143.00 USD, 2021-12-20}
  Expenses:Financial:Commissions                     8.95 USD



* Vanguard Investments

2020-01-01 open Assets:US:Vanguard:VBMPX                     VBMPX
  number: "882882"
2020-01-01 open Assets:US:Vanguard:RGAGX                     RGAGX
  number: "882882"
2020-01-01 open Assets:US:Vanguard                            USD
  address: "P.O. Box 1110, Valley Forge, PA 19482-1110"
  institution: "Vanguard Group"
  phone: "+1.800.523.1188"
2020-01-01 open Income:US:Hooli:Match401k                   USD
2020-01-01 open Assets:US:Vanguard:Cash                       USD
  number: "882882"

2020-01-03 * "Employer match for contribution"
  Assets:US:Vanguard:Cash                          600.00 USD
  Income:US:Hooli:Match401k                       -600.00 USD

2020-01-06 * "Investing 40% of cash in VBMPX"
  Assets:US:Vanguard:VBMPX                          3.704 VBMPX {129.58 USD, 2020-01-06}
  Assets:US:Vanguard:Cash                         -479.96 USD

2020-01-06 * "Investing 60% of cash in RGAGX"
  Assets:US:Vanguard:RGAGX                          6.481 RGAGX {111.09 USD, 2020-01-06}
  Assets:US:Vanguard:Cash                         -719.97 USD

2020-01-06 * "Investing 40% of cash in VBMPX"
  Assets:US:Vanguard:VBMPX                          1.852 VBMPX {129.58 USD, 2020-01-06}
  Assets:US:Vanguard:Cash                         -239.98 USD

2020-01-06 * "Investing 60% of cash in RGAGX"
  Assets:US:Vanguard:RGAGX                          3.241 RGAGX {111.09 USD, 2020-01-06}
  Assets:US:Vanguard:Cash                         -360.04 USD

2020-01-17 * "Employer match for contribution"
  Assets:US:Vanguard:Cash                          600.00 USD
  Income:US:Hooli:Match401k                       -600.00 USD

2020-01-20 * "Investing 40% of cash in VBMPX"
  Assets:US:Vanguard:VBMPX                          3.650 VBMPX {131.50 USD, 2020-01-20}
  Assets:US:Vanguard:Cash                         -479.98 USD

2020-01-20 * "Investing 60% of cash in RGAGX"
  Assets:US:Vanguard:RGAGX                          6.513 RGAGX {110.55 USD, 2020-01-20}
  Assets:US:Vanguard:Cash                         -720.01 USD

2020-01-20 * "Investing 40% of cash in VBMPX"
  Assets:US:Vanguard:VBMPX                          1.825 VBMPX {131.50 USD, 2020-01-20}
  Assets:US:Vanguard:Cash                         -239.99 USD

2020-01-20 * "Investing 60% of cash in RGAGX"
  Assets:US:Vanguard:RGAGX                          3.257 RGAGX {110.55 USD, 2020-01-20}
  Assets:US:Vanguard:Cash                         -360.06 USD

2020-01-31 * "Employer match for contribution"
  Assets:US:Vanguard:Cash                          600.00 USD
  Income:US:Hooli:Match401k                       -600.00 USD

2020-02-03 * "Investing 40% of cash in VBMPX"
  Assets:US:Vanguard:VBMPX                          3.665 VBMPX {130.98 USD, 2020-02-03}
  Assets:US:Vanguard:Cash                         -480.04 USD

2020-02-03 * "Investing 60% of cash in RGAGX"
  Assets:US:Vanguard:RGAGX                          6.478 RGAGX {111.15 USD, 2020-02-03}
  Assets:US:Vanguard:Cash                         -720.03 USD

2020-02-03 * "Investing 40% of cash in VBMPX"
  Assets:US:Vanguard:VBMPX                          1.832 VBMPX {130.98 USD, 2020-02-03}
  Assets:US:Vanguard:Cash                         -239.96 USD

2020-02-03 * "Investing 60% of cash in RGAGX"
  Assets:US:Vanguard:RGAGX                          3.239 RGAGX {111.15 USD, 2020-02-03}
  Assets:US:Vanguard:Cash                         -360.01 USD

2020-02-14 * "Employer match for contribution"
  Assets:US:Vanguard:Cash                          600.00 USD
  Income:US:Hooli:Match401k                       -600.00 USD

2020-02-17 * "Investing 40% of cash in VBMPX"
  Assets:US:Vanguard:VBMPX                          3.664 VBMPX {131.01 USD, 2020-02-17}
  Assets:US:Vanguard:Cash                         -480.02 USD

2020-02-17 * "Investing 60% of cash in RGAGX"
  Assets:US:Vanguard:RGAGX                          6.499 RGAGX {110.78 USD, 2020-02-17}
  Assets:US:Vanguard:Cash                         -719.96 USD

2020-02-17 * "Investing 40% of cash in VBMPX"
  Assets:US:Vanguard:VBMPX                          1.832 VBMPX {131.01 USD, 2020-02-17}
  Assets:US:Vanguard:Cash                         -240.01 USD

2020-02-17 * "Investing 60% of cash in RGAGX"
  Assets:US:Vanguard:RGAGX                          3.250 RGAGX {110.78 USD, 2020-02-17}
  Assets:US:Vanguard:Cash                         -360.04 USD

2020-02-28 * "Employer match for contribution"
  Assets:US:Vanguard:Cash                          600.00 USD
  Income:US:Hooli:Match401k                       -600.00 USD

2020-03-02 * "Investing 40% of cash in VBMPX"
  Assets:US:Vanguard:VBMPX                          3.690 VBMPX {130.07 USD, 2020-03-02}
  Assets:US:Vanguard:Cash                         -479.96 USD

2020-03-02 * "Investing 60% of cash in RGAGX"
  Assets:US:Vanguard:RGAGX                          6.436 RGAGX {111.86 USD, 2020-03-02}
  Assets:US:Vanguard:Cash                         -719.93 USD

2020-03-02 * "Investing 40% of cash in VBMPX"
  Assets:US:Vanguard:VBMPX                          1.845 VBMPX {130.07 USD, 2020-03-02}
  Assets:US:Vanguard:Cash                         -239.98 USD

2020-03-02 * "Investing 60% of cash in RGAGX"
  Assets:US:Vanguard:RGAGX                          3.219 RGAGX {111.86 USD, 2020-03-02}
  Assets:US:Vanguard:Cash                         -360.08 USD

2020-03-13 * "Employer match for contribution"
  Assets:US:Vanguard:Cash                          600.00 USD
  Income:US:Hooli:Match401k                       -600.00 USD

2020-03-16 * "Investing 40% of cash in VBMPX"
  Assets:US:Vanguard:VBMPX                          3.697 VBMPX {129.85 USD, 2020-03-16}
  Assets:US:Vanguard:Cash                         -480.06 USD

2020-03-16 * "Investing 60% of cash in RGAGX"
  Assets:US:Vanguard:RGAGX                          6.423 RGAGX {112.09 USD, 2020-03-16}
  Assets:US:Vanguard:Cash                         -719.95 USD

2020-03-16 * "Investing 40% of cash in VBMPX"
  Assets:US:Vanguard:VBMPX                          1.848 VBMPX {129.85 USD, 2020-03-16}
  Assets:US:Vanguard:Cash                         -239.96 USD

2020-03-16 * "Investing 60% of cash in RGAGX"
  Assets:US:Vanguard:RGAGX                          3.212 RGAGX {112.09 USD, 2020-03-16}
  Assets:US:Vanguard:Cash                         -360.03 USD

2020-03-27 * "Employer match for contribution"
  Assets:US:Vanguard:Cash                          600.00 USD
  Income:US:Hooli:Match401k                       -600.00 USD

2020-03-30 * "Investing 40% of cash in VBMPX"
  Assets:US:Vanguard:VBMPX                          3.583 VBMPX {133.95 USD, 2020-03-30}
  Assets:US:Vanguard:Cash                         -479.94 USD

2020-03-30 * "Investing 60% of cash in RGAGX"
  Assets:US:Vanguard:RGAGX                          6.291 RGAGX {114.44 USD, 2020-03-30}
  Assets:US:Vanguard:Cash                         -719.94 USD

2020-03-30 * "Investing 40% of cash in VBMPX"
  Assets:US:Vanguard:VBMPX                          1.792 VBMPX {133.95 USD, 2020-03-30}
  Assets:US:Vanguard:Cash                         -240.04 USD

2020-03-30 * "Investing 60% of cash in RGAGX"
  Assets:US:Vanguard:RGAGX                          3.146 RGAGX {114.44 USD, 2020-03-30}
  Assets:US:Vanguard:Cash                         -360.03 USD

2020-04-10 * "Employer match for contribution"
  Assets:US:Vanguard:Cash                          600.00 USD
  Income:US:Hooli:Match401k                       -600.00 USD

2020-04-13 * "Investing 40% of cash in VBMPX"
  Assets:US:Vanguard:VBMPX                          3.624 VBMPX {132.44 USD, 2020-04-13}
  Assets:US:Vanguard:Cash                         -479.96 USD

2020-04-13 * "Investing 60% of cash in RGAGX"
  Assets:US:Vanguard:RGAGX                          6.218 RGAGX {115.80 USD, 2020-04-13}
  Assets:US:Vanguard:Cash                         -720.04 USD

2020-04-13 * "Investing 40% of cash in VBMPX"
  Assets:US:Vanguard:VBMPX                          1.812 VBMPX {132.44 USD, 2020-04-13}
  Assets:US:Vanguard:Cash                         -239.98 USD

2020-04-13 * "Investing 60% of cash in RGAGX"
  Assets:US:Vanguard:RGAGX                          3.109 RGAGX {115.80 USD, 2020-04-13}
  Assets:US:Vanguard:Cash                         -360.02 USD

2020-04-24 * "Employer match for contribution"
  Assets:US:Vanguard:Cash                          600.00 USD
  Income:US:Hooli:Match401k                       -600.00 USD

2020-04-27 * "Investing 40% of cash in VBMPX"
  Assets:US:Vanguard:VBMPX                          3.659 VBMPX {131.20 USD, 2020-04-27}
  Assets:US:Vanguard:Cash                         -480.06 USD

2020-04-27 * "Investing 60% of cash in RGAGX"
  Assets:US:Vanguard:RGAGX                          6.205 RGAGX {116.03 USD, 2020-04-27}
  Assets:US:Vanguard:Cash                         -719.97 USD

2020-04-27 * "Investing 40% of cash in VBMPX"
  Assets:US:Vanguard:VBMPX                          1.829 VBMPX {131.20 USD, 2020-04-27}
  Assets:US:Vanguard:Cash                         -239.96 USD

2020-04-27 * "Investing 60% of cash in RGAGX"
  Assets:US:Vanguard:RGAGX                          3.103 RGAGX {116.03 USD, 2020-04-27}
  Assets:US:Vanguard:Cash                         -360.04 USD

2020-05-08 * "Employer match for contribution"
  Assets:US:Vanguard:Cash                          600.00 USD
  Income:US:Hooli:Match401k                       -600.00 USD

2020-05-11 * "Investing 40% of cash in VBMPX"
  Assets:US:Vanguard:VBMPX                          3.527 VBMPX {136.09 USD, 2020-05-11}
  Assets:US:Vanguard:Cash                         -479.99 USD

2020-05-11 * "Investing 60% of cash in RGAGX"
  Assets:US:Vanguard:RGAGX                          6.218 RGAGX {115.79 USD, 2020-05-11}
  Assets:US:Vanguard:Cash                         -719.98 USD

2020-05-11 * "Investing 40% of cash in VBMPX"
  Assets:US:Vanguard:VBMPX                          1.764 VBMPX {136.09 USD, 2020-05-11}
  Assets:US:Vanguard:Cash                         -240.06 USD

2020-05-11 * "Investing 60% of cash in RGAGX"
  Assets:US:Vanguard:RGAGX                          3.109 RGAGX {115.79 USD, 2020-05-11}
  Assets:US:Vanguard:Cash                         -359.99 USD

2020-05-22 * "Employer match for contribution"
  Assets:US:Vanguard:Cash                          600.00 USD
  Income:US:Hooli:Match401k                       -600.00 USD

2020-05-25 * "Investing 40% of cash in VBMPX"
  Assets:US:Vanguard:VBMPX                          3.486 VBMPX {137.70 USD, 2020-05-25}
  Assets:US:Vanguard:Cash                         -480.02 USD

2020-05-25 * "Investing 60% of cash in RGAGX"
  Assets:US:Vanguard:RGAGX                          6.220 RGAGX {115.75 USD, 2020-05-25}
  Assets:US:Vanguard:Cash                         -719.96 USD

2020-05-25 * "Investing 40% of cash in VBMPX"
  Assets:US:Vanguard:VBMPX                          1.743 VBMPX {137.70 USD, 2020-05-25}
  Assets:US:Vanguard:Cash                         -240.01 USD

2020-05-25 * "Investing 60% of cash in RGAGX"
  Assets:US:Vanguard:RGAGX                          3.110 RGAGX {115.75 USD, 2020-05-25}
  Assets:US:Vanguard:Cash                         -359.98 USD

2020-06-05 * "Employer match for contribution"
  Assets:US:Vanguard:Cash                          600.00 USD
  Income:US:Hooli:Match401k                       -600.00 USD

2020-06-08 * "Investing 40% of cash in VBMPX"
  Assets:US:Vanguard:VBMPX                          3.626 VBMPX {132.39 USD, 2020-06-08}
  Assets:US:Vanguard:Cash                         -480.05 USD

2020-06-08 * "Investing 60% of cash in RGAGX"
  Assets:US:Vanguard:RGAGX                          6.240 RGAGX {115.39 USD, 2020-06-08}
  Assets:US:Vanguard:Cash                         -720.03 USD

2020-06-08 * "Investing 40% of cash in VBMPX"
  Assets:US:Vanguard:VBMPX                          1.813 VBMPX {132.39 USD, 2020-06-08}
  Assets:US:Vanguard:Cash                         -240.02 USD

2020-06-08 * "Investing 60% of cash in RGAGX"
  Assets:US:Vanguard:RGAGX                          3.120 RGAGX {115.39 USD, 2020-06-08}
  Assets:US:Vanguard:Cash                         -360.02 USD

2020-06-19 * "Employer match for contribution"
  Assets:US:Vanguard:Cash                          600.00 USD
  Income:US:Hooli:Match401k                       -600.00 USD

2020-06-22 * "Investing 40% of cash in VBMPX"
  Assets:US:Vanguard:VBMPX                          3.556 VBMPX {134.96 USD, 2020-06-22}
  Assets:US:Vanguard:Cash                         -479.92 USD

2020-06-22 * "Investing 60% of cash in RGAGX"
  Assets:US:Vanguard:RGAGX                          6.236 RGAGX {115.44 USD, 2020-06-22}
  Assets:US:Vanguard:Cash                         -719.88 USD

2020-06-22 * "Investing 40% of cash in VBMPX"
  Assets:US:Vanguard:VBMPX                          1.779 VBMPX {134.96 USD, 2020-06-22}
  Assets:US:Vanguard:Cash                         -240.09 USD

2020-06-22 * "Investing 60% of cash in RGAGX"
  Assets:US:Vanguard:RGAGX                          3.119 RGAGX {115.44 USD, 2020-06-22}
  Assets:US:Vanguard:Cash                         -360.06 USD

2020-07-03 * "Employer match for contribution"
  Assets:US:Vanguard:Cash                          600.00 USD
  Income:US:Hooli:Match401k                       -600.00 USD

2020-07-06 * "Investing 40% of cash in VBMPX"
  Assets:US:Vanguard:VBMPX                          3.599 VBMPX {133.37 USD, 2020-07-06}
  Assets:US:Vanguard:Cash                         -480.00 USD

2020-07-06 * "Investing 60% of cash in RGAGX"
  Assets:US:Vanguard:RGAGX                          6.168 RGAGX {116.72 USD, 2020-07-06}
  Assets:US:Vanguard:Cash                         -719.93 USD

2020-07-06 * "Investing 40% of cash in VBMPX"
  Assets:US:Vanguard:VBMPX                          1.800 VBMPX {133.37 USD, 2020-07-06}
  Assets:US:Vanguard:Cash                         -240.07 USD

2020-07-06 * "Investing 60% of cash in RGAGX"
  Assets:US:Vanguard:RGAGX                          3.084 RGAGX {116.72 USD, 2020-07-06}
  Assets:US:Vanguard:Cash                         -359.96 USD

2020-07-17 * "Employer match for contribution"
  Assets:US:Vanguard:Cash                          600.00 USD
  Income:US:Hooli:Match401k                       -600.00 USD

2020-07-20 * "Investing 40% of cash in VBMPX"
  Assets:US:Vanguard:VBMPX                          3.523 VBMPX {136.25 USD, 2020-07-20}
  Assets:US:Vanguard:Cash                         -480.01 USD

2020-07-20 * "Investing 60% of cash in RGAGX"
  Assets:US:Vanguard:RGAGX                          6.122 RGAGX {117.61 USD, 2020-07-20}
  Assets:US:Vanguard:Cash                         -720.01 USD

2020-07-20 * "Investing 40% of cash in VBMPX"
  Assets:US:Vanguard:VBMPX                          1.761 VBMPX {136.25 USD, 2020-07-20}
  Assets:US:Vanguard:Cash                         -239.94 USD

2020-07-20 * "Investing 60% of cash in RGAGX"
  Assets:US:Vanguard:RGAGX                          3.061 RGAGX {117.61 USD, 2020-07-20}
  Assets:US:Vanguard:Cash                         -360.00 USD

2020-07-31 * "Employer match for contribution"
  Assets:US:Vanguard:Cash                          250.00 USD
  Income:US:Hooli:Match401k                       -250.00 USD

2020-08-03 * "Investing 40% of cash in VBMPX"
  Assets:US:Vanguard:VBMPX                          1.460 VBMPX {136.99 USD, 2020-08-03}
  Assets:US:Vanguard:Cash                         -200.01 USD

2020-08-03 * "Investing 60% of cash in RGAGX"
  Assets:US:Vanguard:RGAGX                          2.532 RGAGX {118.51 USD, 2020-08-03}
  Assets:US:Vanguard:Cash                         -300.07 USD

2020-08-03 * "Investing 40% of cash in VBMPX"
  Assets:US:Vanguard:VBMPX                          0.730 VBMPX {136.99 USD, 2020-08-03}
  Assets:US:Vanguard:Cash                         -100.00 USD

2020-08-03 * "Investing 60% of cash in RGAGX"
  Assets:US:Vanguard:RGAGX                          1.265 RGAGX {118.51 USD, 2020-08-03}
  Assets:US:Vanguard:Cash                         -149.92 USD

2021-01-15 * "Employer match for contribution"
  Assets:US:Vanguard:Cash                          600.00 USD
  Income:US:Hooli:Match401k                       -600.00 USD

2021-01-18 * "Investing 40% of cash in VBMPX"
  Assets:US:Vanguard:VBMPX                          3.422 VBMPX {140.29 USD, 2021-01-18}
  Assets:US:Vanguard:Cash                         -480.07 USD

2021-01-18 * "Investing 60% of cash in RGAGX"
  Assets:US:Vanguard:RGAGX                          6.165 RGAGX {116.80 USD, 2021-01-18}
  Assets:US:Vanguard:Cash                         -720.07 USD

2021-01-18 * "Investing 40% of cash in VBMPX"
  Assets:US:Vanguard:VBMPX                          1.710 VBMPX {140.29 USD, 2021-01-18}
  Assets:US:Vanguard:Cash                         -239.90 USD

2021-01-18 * "Investing 60% of cash in RGAGX"
  Assets:US:Vanguard:RGAGX                          3.082 RGAGX {116.80 USD, 2021-01-18}
  Assets:US:Vanguard:Cash                         -359.98 USD

2021-01-29 * "Employer match for contribution"
  Assets:US:Vanguard:Cash                          600.00 USD
  Income:US:Hooli:Match401k                       -600.00 USD

2021-02-01 * "Investing 40% of cash in VBMPX"
  Assets:US:Vanguard:VBMPX                          3.437 VBMPX {139.66 USD, 2021-02-01}
  Assets:US:Vanguard:Cash                         -480.01 USD

2021-02-01 * "Investing 60% of cash in RGAGX"
  Assets:US:Vanguard:RGAGX                          6.183 RGAGX {116.44 USD, 2021-02-01}
  Assets:US:Vanguard:Cash                         -719.95 USD

2021-02-01 * "Investing 40% of cash in VBMPX"
  Assets:US:Vanguard:VBMPX                          1.719 VBMPX {139.66 USD, 2021-02-01}
  Assets:US:Vanguard:Cash                         -240.08 USD

2021-02-01 * "Investing 60% of cash in RGAGX"
  Assets:US:Vanguard:RGAGX                          3.092 RGAGX {116.44 USD, 2021-02-01}
  Assets:US:Vanguard:Cash                         -360.03 USD

2021-02-12 * "Employer match for contribution"
  Assets:US:Vanguard:Cash                          600.00 USD
  Income:US:Hooli:Match401k                       -600.00 USD

2021-02-15 * "Investing 40% of cash in VBMPX"
  Assets:US:Vanguard:VBMPX                          3.352 VBMPX {143.19 USD, 2021-02-15}
  Assets:US:Vanguard:Cash                         -479.97 USD

2021-02-15 * "Investing 60% of cash in RGAGX"
  Assets:US:Vanguard:RGAGX                          6.184 RGAGX {116.43 USD, 2021-02-15}
  Assets:US:Vanguard:Cash                         -720.00 USD

2021-02-15 * "Investing 40% of cash in VBMPX"
  Assets:US:Vanguard:VBMPX                          1.676 VBMPX {143.19 USD, 2021-02-15}
  Assets:US:Vanguard:Cash                         -239.99 USD

2021-02-15 * "Investing 60% of cash in RGAGX"
  Assets:US:Vanguard:RGAGX                          3.092 RGAGX {116.43 USD, 2021-02-15}
  Assets:US:Vanguard:Cash                         -360.00 USD

2021-02-26 * "Employer match for contribution"
  Assets:US:Vanguard:Cash                          600.00 USD
  Income:US:Hooli:Match401k                       -600.00 USD

2021-03-01 * "Investing 40% of cash in VBMPX"
  Assets:US:Vanguard:VBMPX                          3.321 VBMPX {144.55 USD, 2021-03-01}
  Assets:US:Vanguard:Cash                         -480.05 USD

2021-03-01 * "Investing 60% of cash in RGAGX"
  Assets:US:Vanguard:RGAGX                          6.151 RGAGX {117.05 USD, 2021-03-01}
  Assets:US:Vanguard:Cash                         -719.97 USD

2021-03-01 * "Investing 40% of cash in VBMPX"
  Assets:US:Vanguard:VBMPX                          1.660 VBMPX {144.55 USD, 2021-03-01}
  Assets:US:Vanguard:Cash                         -239.95 USD

2021-03-01 * "Investing 60% of cash in RGAGX"
  Assets:US:Vanguard:RGAGX                          3.075 RGAGX {117.05 USD, 2021-03-01}
  Assets:US:Vanguard:Cash                         -359.93 USD

2021-03-12 * "Employer match for contribution"
  Assets:US:Vanguard:Cash                          600.00 USD
  Income:US:Hooli:Match401k                       -600.00 USD

2021-03-15 * "Investing 40% of cash in VBMPX"
  Assets:US:Vanguard:VBMPX                          3.311 VBMPX {144.97 USD, 2021-03-15}
  Assets:US:Vanguard:Cash                         -480.00 USD

2021-03-15 * "Investing 60% of cash in RGAGX"
  Assets:US:Vanguard:RGAGX                          6.093 RGAGX {118.18 USD, 2021-03-15}
  Assets:US:Vanguard:Cash                         -720.07 USD

2021-03-15 * "Investing 40% of cash in VBMPX"
  Assets:US:Vanguard:VBMPX                          1.656 VBMPX {144.97 USD, 2021-03-15}
  Assets:US:Vanguard:Cash                         -240.07 USD

2021-03-15 * "Investing 60% of cash in RGAGX"
  Assets:US:Vanguard:RGAGX                          3.046 RGAGX {118.18 USD, 2021-03-15}
  Assets:US:Vanguard:Cash                         -359.98 USD

2021-03-26 * "Employer match for contribution"
  Assets:US:Vanguard:Cash                          600.00 USD
  Income:US:Hooli:Match401k                       -600.00 USD

2021-03-29 * "Investing 40% of cash in VBMPX"
  Assets:US:Vanguard:VBMPX                          3.284 VBMPX {146.17 USD, 2021-03-29}
  Assets:US:Vanguard:Cash                         -480.02 USD

2021-03-29 * "Investing 60% of cash in RGAGX"
  Assets:US:Vanguard:RGAGX                          6.067 RGAGX {118.67 USD, 2021-03-29}
  Assets:US:Vanguard:Cash                         -719.97 USD

2021-03-29 * "Investing 40% of cash in VBMPX"
  Assets:US:Vanguard:VBMPX                          1.642 VBMPX {146.17 USD, 2021-03-29}
  Assets:US:Vanguard:Cash                         -240.01 USD

2021-03-29 * "Investing 60% of cash in RGAGX"
  Assets:US:Vanguard:RGAGX                          3.033 RGAGX {118.67 USD, 2021-03-29}
  Assets:US:Vanguard:Cash                         -359.93 USD

2021-04-09 * "Employer match for contribution"
  Assets:US:Vanguard:Cash                          600.00 USD
  Income:US:Hooli:Match401k                       -600.00 USD

2021-04-12 * "Investing 40% of cash in VBMPX"
  Assets:US:Vanguard:VBMPX                          3.281 VBMPX {146.31 USD, 2021-04-12}
  Assets:US:Vanguard:Cash                         -480.04 USD

2021-04-12 * "Investing 60% of cash in RGAGX"
  Assets:US:Vanguard:RGAGX                          6.003 RGAGX {119.94 USD, 2021-04-12}
  Assets:US:Vanguard:Cash                         -720.00 USD

2021-04-12 * "Investing 40% of cash in VBMPX"
  Assets:US:Vanguard:VBMPX                          1.640 VBMPX {146.31 USD, 2021-04-12}
  Assets:US:Vanguard:Cash                         -239.95 USD

2021-04-12 * "Investing 60% of cash in RGAGX"
  Assets:US:Vanguard:RGAGX                          3.001 RGAGX {119.94 USD, 2021-04-12}
  Assets:US:Vanguard:Cash                         -359.94 USD

2021-04-23 * "Employer match for contribution"
  Assets:US:Vanguard:Cash                          600.00 USD
  Income:US:Hooli:Match401k                       -600.00 USD

2021-04-26 * "Investing 40% of cash in VBMPX"
  Assets:US:Vanguard:VBMPX                          3.249 VBMPX {147.75 USD, 2021-04-26}
  Assets:US:Vanguard:Cash                         -480.04 USD

2021-04-26 * "Investing 60% of cash in RGAGX"
  Assets:US:Vanguard:RGAGX                          5.960 RGAGX {120.82 USD, 2021-04-26}
  Assets:US:Vanguard:Cash                         -720.09 USD

2021-04-26 * "Investing 40% of cash in VBMPX"
  Assets:US:Vanguard:VBMPX                          1.624 VBMPX {147.75 USD, 2021-04-26}
  Assets:US:Vanguard:Cash                         -239.95 USD

2021-04-26 * "Investing 60% of cash in RGAGX"
  Assets:US:Vanguard:RGAGX                          2.979 RGAGX {120.82 USD, 2021-04-26}
  Assets:US:Vanguard:Cash                         -359.92 USD

2021-05-07 * "Employer match for contribution"
  Assets:US:Vanguard:Cash                          600.00 USD
  Income:US:Hooli:Match401k                       -600.00 USD

2021-05-10 * "Investing 40% of cash in VBMPX"
  Assets:US:Vanguard:VBMPX                          3.227 VBMPX {148.75 USD, 2021-05-10}
  Assets:US:Vanguard:Cash                         -480.02 USD

2021-05-10 * "Investing 60% of cash in RGAGX"
  Assets:US:Vanguard:RGAGX                          5.946 RGAGX {121.10 USD, 2021-05-10}
  Assets:US:Vanguard:Cash                         -720.06 USD

2021-05-10 * "Investing 40% of cash in VBMPX"
  Assets:US:Vanguard:VBMPX                          1.613 VBMPX {148.75 USD, 2021-05-10}
  Assets:US:Vanguard:Cash                         -239.93 USD

2021-05-10 * "Investing 60% of cash in RGAGX"
  Assets:US:Vanguard:RGAGX                          2.973 RGAGX {121.10 USD, 2021-05-10}
  Assets:US:Vanguard:Cash                         -360.03 USD

2021-05-21 * "Employer match for contribution"
  Assets:US:Vanguard:Cash                          600.00 USD
  Income:US:Hooli:Match401k                       -600.00 USD

2021-05-24 * "Investing 40% of cash in VBMPX"
  Assets:US:Vanguard:VBMPX                          3.229 VBMPX {148.68 USD, 2021-05-24}
  Assets:US:Vanguard:Cash                         -480.09 USD

2021-05-24 * "Investing 60% of cash in RGAGX"
  Assets:US:Vanguard:RGAGX                          5.870 RGAGX {122.66 USD, 2021-05-24}
  Assets:US:Vanguard:Cash                         -720.01 USD

2021-05-24 * "Investing 40% of cash in VBMPX"
  Assets:US:Vanguard:VBMPX                          1.614 VBMPX {148.68 USD, 2021-05-24}
  Assets:US:Vanguard:Cash                         -239.97 USD

2021-05-24 * "Investing 60% of cash in RGAGX"
  Assets:US:Vanguard:RGAGX                          2.935 RGAGX {122.66 USD, 2021-05-24}
  Assets:US:Vanguard:Cash                         -360.01 USD

2021-06-04 * "Employer match for contribution"
  Assets:US:Vanguard:Cash                          600.00 USD
  Income:US:Hooli:Match401k                       -600.00 USD

2021-06-07 * "Investing 40% of cash in VBMPX"
  Assets:US:Vanguard:VBMPX                          3.227 VBMPX {148.75 USD, 2021-06-07}
  Assets:US:Vanguard:Cash                         -480.02 USD

2021-06-07 * "Investing 60% of cash in RGAGX"
  Assets:US:Vanguard:RGAGX                          5.851 RGAGX {123.06 USD, 2021-06-07}
  Assets:US:Vanguard:Cash                         -720.02 USD

2021-06-07 * "Investing 40% of cash in VBMPX"
  Assets:US:Vanguard:VBMPX                          1.613 VBMPX {148.75 USD, 2021-06-07}
  Assets:US:Vanguard:Cash                         -239.93 USD

2021-06-07 * "Investing 60% of cash in RGAGX"
  Assets:US:Vanguard:RGAGX                          2.925 RGAGX {123.06 USD, 2021-06-07}
  Assets:US:Vanguard:Cash                         -359.95 USD

2021-06-18 * "Employer match for contribution"
  Assets:US:Vanguard:Cash                          600.00 USD
  Income:US:Hooli:Match401k                       -600.00 USD

2021-06-21 * "Investing 40% of cash in VBMPX"
  Assets:US:Vanguard:VBMPX                          3.066 VBMPX {156.54 USD, 2021-06-21}
  Assets:US:Vanguard:Cash                         -479.95 USD

2021-06-21 * "Investing 60% of cash in RGAGX"
  Assets:US:Vanguard:RGAGX                          5.730 RGAGX {125.65 USD, 2021-06-21}
  Assets:US:Vanguard:Cash                         -719.97 USD

2021-06-21 * "Investing 40% of cash in VBMPX"
  Assets:US:Vanguard:VBMPX                          1.534 VBMPX {156.54 USD, 2021-06-21}
  Assets:US:Vanguard:Cash                         -240.13 USD

2021-06-21 * "Investing 60% of cash in RGAGX"
  Assets:US:Vanguard:RGAGX                          2.866 RGAGX {125.65 USD, 2021-06-21}
  Assets:US:Vanguard:Cash                         -360.11 USD

2021-07-02 * "Employer match for contribution"
  Assets:US:Vanguard:Cash                          600.00 USD
  Income:US:Hooli:Match401k                       -600.00 USD

2021-07-05 * "Investing 40% of cash in VBMPX"
  Assets:US:Vanguard:VBMPX                          2.924 VBMPX {164.15 USD, 2021-07-05}
  Assets:US:Vanguard:Cash                         -479.97 USD

2021-07-05 * "Investing 60% of cash in RGAGX"
  Assets:US:Vanguard:RGAGX                          5.727 RGAGX {125.71 USD, 2021-07-05}
  Assets:US:Vanguard:Cash                         -719.94 USD

2021-07-05 * "Investing 40% of cash in VBMPX"
  Assets:US:Vanguard:VBMPX                          1.462 VBMPX {164.15 USD, 2021-07-05}
  Assets:US:Vanguard:Cash                         -239.99 USD

2021-07-05 * "Investing 60% of cash in RGAGX"
  Assets:US:Vanguard:RGAGX                          2.864 RGAGX {125.71 USD, 2021-07-05}
  Assets:US:Vanguard:Cash                         -360.03 USD

2021-07-16 * "Employer match for contribution"
  Assets:US:Vanguard:Cash                          600.00 USD
  Income:US:Hooli:Match401k                       -600.00 USD

2021-07-19 * "Investing 40% of cash in VBMPX"
  Assets:US:Vanguard:VBMPX                          2.900 VBMPX {165.51 USD, 2021-07-19}
  Assets:US:Vanguard:Cash                         -479.98 USD

2021-07-19 * "Investing 60% of cash in RGAGX"
  Assets:US:Vanguard:RGAGX                          5.618 RGAGX {128.15 USD, 2021-07-19}
  Assets:US:Vanguard:Cash                         -719.95 USD

2021-07-19 * "Investing 40% of cash in VBMPX"
  Assets:US:Vanguard:VBMPX                          1.450 VBMPX {165.51 USD, 2021-07-19}
  Assets:US:Vanguard:Cash                         -239.99 USD

2021-07-19 * "Investing 60% of cash in RGAGX"
  Assets:US:Vanguard:RGAGX                          2.809 RGAGX {128.15 USD, 2021-07-19}
  Assets:US:Vanguard:Cash                         -359.97 USD

2021-07-30 * "Employer match for contribution"
  Assets:US:Vanguard:Cash                          600.00 USD
  Income:US:Hooli:Match401k                       -600.00 USD

2021-08-02 * "Investing 40% of cash in VBMPX"
  Assets:US:Vanguard:VBMPX                          2.876 VBMPX {166.91 USD, 2021-08-02}
  Assets:US:Vanguard:Cash                         -480.03 USD

2021-08-02 * "Investing 60% of cash in RGAGX"
  Assets:US:Vanguard:RGAGX                          5.649 RGAGX {127.47 USD, 2021-08-02}
  Assets:US:Vanguard:Cash                         -720.08 USD

2021-08-02 * "Investing 40% of cash in VBMPX"
  Assets:US:Vanguard:VBMPX                          1.438 VBMPX {166.91 USD, 2021-08-02}
  Assets:US:Vanguard:Cash                         -240.02 USD

2021-08-02 * "Investing 60% of cash in RGAGX"
  Assets:US:Vanguard:RGAGX                          2.824 RGAGX {127.47 USD, 2021-08-02}
  Assets:US:Vanguard:Cash                         -359.98 USD

2021-08-13 * "Employer match for contribution"
  Assets:US:Vanguard:Cash                          250.00 USD
  Income:US:Hooli:Match401k                       -250.00 USD

2021-08-16 * "Investing 40% of cash in VBMPX"
  Assets:US:Vanguard:VBMPX                          1.159 VBMPX {172.49 USD, 2021-08-16}
  Assets:US:Vanguard:Cash                         -199.92 USD

2021-08-16 * "Investing 60% of cash in RGAGX"
  Assets:US:Vanguard:RGAGX                          2.336 RGAGX {128.44 USD, 2021-08-16}
  Assets:US:Vanguard:Cash                         -300.04 USD

2021-08-16 * "Investing 40% of cash in VBMPX"
  Assets:US:Vanguard:VBMPX                          0.580 VBMPX {172.49 USD, 2021-08-16}
  Assets:US:Vanguard:Cash                         -100.04 USD

2021-08-16 * "Investing 60% of cash in RGAGX"
  Assets:US:Vanguard:RGAGX                          1.168 RGAGX {128.44 USD, 2021-08-16}
  Assets:US:Vanguard:Cash                         -150.02 USD

2022-01-14 * "Employer match for contribution"
  Assets:US:Vanguard:Cash                          600.00 USD
  Income:US:Hooli:Match401k                       -600.00 USD

2022-01-17 * "Investing 40% of cash in VBMPX"
  Assets:US:Vanguard:VBMPX                          2.972 VBMPX {161.51 USD, 2022-01-17}
  Assets:US:Vanguard:Cash                         -480.01 USD

2022-01-17 * "Investing 60% of cash in RGAGX"
  Assets:US:Vanguard:RGAGX                          5.048 RGAGX {142.62 USD, 2022-01-17}
  Assets:US:Vanguard:Cash                         -719.95 USD

2022-01-17 * "Investing 40% of cash in VBMPX"
  Assets:US:Vanguard:VBMPX                          1.486 VBMPX {161.51 USD, 2022-01-17}
  Assets:US:Vanguard:Cash                         -240.00 USD

2022-01-17 * "Investing 60% of cash in RGAGX"
  Assets:US:Vanguard:RGAGX                          2.524 RGAGX {142.62 USD, 2022-01-17}
  Assets:US:Vanguard:Cash                         -359.97 USD

2022-01-28 * "Employer match for contribution"
  Assets:US:Vanguard:Cash                          600.00 USD
  Income:US:Hooli:Match401k                       -600.00 USD

2022-01-31 * "Investing 40% of cash in VBMPX"
  Assets:US:Vanguard:VBMPX                          2.975 VBMPX {161.36 USD, 2022-01-31}
  Assets:US:Vanguard:Cash                         -480.05 USD

2022-01-31 * "Investing 60% of cash in RGAGX"
  Assets:US:Vanguard:RGAGX                          5.054 RGAGX {142.45 USD, 2022-01-31}
  Assets:US:Vanguard:Cash                         -719.94 USD

2022-01-31 * "Investing 40% of cash in VBMPX"
  Assets:US:Vanguard:VBMPX                          1.487 VBMPX {161.36 USD, 2022-01-31}
  Assets:US:Vanguard:Cash                         -239.94 USD

2022-01-31 * "Investing 60% of cash in RGAGX"
  Assets:US:Vanguard:RGAGX                          2.527 RGAGX {142.45 USD, 2022-01-31}
  Assets:US:Vanguard:Cash                         -359.97 USD

2022-02-11 * "Employer match for contribution"
  Assets:US:Vanguard:Cash                          600.00 USD
  Income:US:Hooli:Match401k                       -600.00 USD

2022-02-14 * "Investing 40% of cash in VBMPX"
  Assets:US:Vanguard:VBMPX                          3.052 VBMPX {157.27 USD, 2022-02-14}
  Assets:US:Vanguard:Cash                         -479.99 USD

2022-02-14 * "Investing 60% of cash in RGAGX"
  Assets:US:Vanguard:RGAGX                          4.981 RGAGX {144.57 USD, 2022-02-14}
  Assets:US:Vanguard:Cash                         -720.10 USD

2022-02-14 * "Investing 40% of cash in VBMPX"
  Assets:US:Vanguard:VBMPX                          1.526 VBMPX {157.27 USD, 2022-02-14}
  Assets:US:Vanguard:Cash                         -239.99 USD

2022-02-14 * "Investing 60% of cash in RGAGX"
  Assets:US:Vanguard:RGAGX                          2.490 RGAGX {144.57 USD, 2022-02-14}
  Assets:US:Vanguard:Cash                         -359.98 USD

2022-02-25 * "Employer match for contribution"
  Assets:US:Vanguard:Cash                          600.00 USD
  Income:US:Hooli:Match401k                       -600.00 USD

2022-02-28 * "Investing 40% of cash in VBMPX"
  Assets:US:Vanguard:VBMPX                          3.007 VBMPX {159.65 USD, 2022-02-28}
  Assets:US:Vanguard:Cash                         -480.07 USD

2022-02-28 * "Investing 60% of cash in RGAGX"
  Assets:US:Vanguard:RGAGX                          4.916 RGAGX {146.47 USD, 2022-02-28}
  Assets:US:Vanguard:Cash                         -720.05 USD

2022-02-28 * "Investing 40% of cash in VBMPX"
  Assets:US:Vanguard:VBMPX                          1.503 VBMPX {159.65 USD, 2022-02-28}
  Assets:US:Vanguard:Cash                         -239.95 USD

2022-02-28 * "Investing 60% of cash in RGAGX"
  Assets:US:Vanguard:RGAGX                          2.458 RGAGX {146.47 USD, 2022-02-28}
  Assets:US:Vanguard:Cash                         -360.02 USD



* Sources of Income

2020-01-01 open Income:US:Hooli:Salary                      USD
2020-01-01 open Income:US:Hooli:GroupTermLife               USD
2020-01-01 open Expenses:Health:Life:GroupTermLife
2020-01-01 open Expenses:Health:Medical:Insurance
2020-01-01 open Expenses:Health:Dental:Insurance
2020-01-01 open Expenses:Health:Vision:Insurance

2020-01-01 event "employer" "Hooli, 1 Carloston Rd, Mountain Beer, CA"

2020-01-02 * "Hooli" "Payroll"
  Assets:US:BofA:Checking                         1350.60 USD
  Assets:US:Vanguard:Cash                         1200.00 USD
  Income:US:Hooli:Salary                         -4615.38 USD
  Income:US:Hooli:GroupTermLife                    -24.32 USD
  Expenses:Health:Life:GroupTermLife                24.32 USD
  Expenses:Health:Dental:Insurance                   2.90 USD
  Expenses:Health:Medical:Insurance                 27.38 USD
  Expenses:Health:Vision:Insurance                  42.30 USD
  Expenses:Taxes:Y2020:US:Medicare                 106.62 USD
  Expenses:Taxes:Y2020:US:Federal                 1062.92 USD
  Expenses:Taxes:Y2020:US:State                    365.08 USD
  Expenses:Taxes:Y2020:US:CityNYC                  174.92 USD
  Expenses:Taxes:Y2020:US:SDI                        1.12 USD
  Expenses:Taxes:Y2020:US:SocSec                   281.54 USD

2020-01-16 * "Hooli" "Payroll"
  Assets:US:BofA:Checking                         1350.60 USD
  Assets:US:Vanguard:Cash                         1200.00 USD
  Income:US:Hooli:Salary                         -4615.38 USD
  Income:US:Hooli:GroupTermLife                    -24.32 USD
  Expenses:Health:Life:GroupTermLife                24.32 USD
  Expenses:Health:Dental:Insurance                   2.90 USD
  Expenses:Health:Medical:Insurance                 27.38 USD
  Expenses:Health:Vision:Insurance                  42.30 USD
  Expenses:Taxes:Y2020:US:Medicare                 106.62 USD
  Expenses:Taxes:Y2020:US:Federal                 1062.92 USD
  Expenses:Taxes:Y2020:US:State                    365.08 USD
  Expenses:Taxes:Y2020:US:CityNYC                  174.92 USD
  Expenses:Taxes:Y2020:US:SDI                        1.12 USD
  Expenses:Taxes:Y2020:US:SocSec                   281.54 USD

2020-01-30 * "Hooli" "Payroll"
  Assets:US:BofA:Checking                         1350.60 USD
  Assets:US:Vanguard:Cash                         1200.00 USD
  Income:US:Hooli:Salary                         -4615.38 USD
  Income:US:Hooli:GroupTermLife                    -24.32 USD
  Expenses:Health:Life:GroupTermLife                24.32 USD
  Expenses:Health:Dental:Insurance                   2.90 USD
  Expenses:Health:Medical:Insurance                 27.38 USD
  Expenses:Health:Vision:Insurance                  42.30 USD
  Expenses:Taxes:Y2020:US:Medicare                 106.62 USD
  Expenses:Taxes:Y2020:US:Federal                 1062.92 USD
  Expenses:Taxes:Y2020:US:State                    365.08 USD
  Expenses:Taxes:Y2020:US:CityNYC                  174.92 USD
  Expenses:Taxes:Y2020:US:SDI                        1.12 USD
  Expenses:Taxes:Y2020:US:SocSec                   281.54 USD

2020-02-13 * "Hooli" "Payroll"
  Assets:US:BofA:Checking                         1350.60 USD
  Assets:US:Vanguard:Cash                         1200.00 USD
  Income:US:Hooli:Salary                         -4615.38 USD
  Income:US:Hooli:GroupTermLife                    -24.32 USD
  Expenses:Health:Life:GroupTermLife                24.32 USD
  Expenses:Health:Dental:Insurance                   2.90 USD
  Expenses:Health:Medical:Insurance                 27.38 USD
  Expenses:Health:Vision:Insurance                  42.30 USD
  Expenses:Taxes:Y2020:US:Medicare                 106.62 USD
  Expenses:Taxes:Y2020:US:Federal                 1062.92 USD
  Expenses:Taxes:Y2020:US:State                    365.08 USD
  Expenses:Taxes:Y2020:US:CityNYC                  174.92 USD
  Expenses:Taxes:Y2020:US:SDI                        1.12 USD
  Expenses:Taxes:Y2020:US:SocSec                   281.54 USD

2020-02-27 * "Hooli" "Payroll"
  Assets:US:BofA:Checking                         1350.60 USD
  Assets:US:Vanguard:Cash                         1200.00 USD
  Income:US:Hooli:Salary                         -4615.38 USD
  Income:US:Hooli:GroupTermLife                    -24.32 USD
  Expenses:Health:Life:GroupTermLife                24.32 USD
  Expenses:Health:Dental:Insurance                   2.90 USD
  Expenses:Health:Medical:Insurance                 27.38 USD
  Expenses:Health:Vision:Insurance                  42.30 USD
  Expenses:Taxes:Y2020:US:Medicare                 106.62 USD
  Expenses:Taxes:Y2020:US:Federal                 1062.92 USD
  Expenses:Taxes:Y2020:US:State                    365.08 USD
  Expenses:Taxes:Y2020:US:CityNYC                  174.92 USD
  Expenses:Taxes:Y2020:US:SDI                        1.12 USD
  Expenses:Taxes:Y2020:US:SocSec                   281.54 USD

2020-03-12 * "Hooli" "Payroll"
  Assets:US:BofA:Checking                         1350.60 USD
  Assets:US:Vanguard:Cash                         1200.00 USD
  Income:US:Hooli:Salary                         -4615.38 USD
  Income:US:Hooli:GroupTermLife                    -24.32 USD
  Expenses:Health:Life:GroupTermLife                24.32 USD
  Expenses:Health:Dental:Insurance                   2.90 USD
  Expenses:Health:Medical:Insurance                 27.38 USD
  Expenses:Health:Vision:Insurance                  42.30 USD
  Expenses:Taxes:Y2020:US:Medicare                 106.62 USD
  Expenses:Taxes:Y2020:US:Federal                 1062.92 USD
  Expenses:Taxes:Y2020:US:State                    365.08 USD
  Expenses:Taxes:Y2020:US:CityNYC                  174.92 USD
  Expenses:Taxes:Y2020:US:SDI                        1.12 USD
  Expenses:Taxes:Y2020:US:SocSec                   281.54 USD

2020-03-26 * "Hooli" "Payroll"
  Assets:US:BofA:Checking                         1350.60 USD
  Assets:US:Vanguard:Cash                         1200.00 USD
  Income:US:Hooli:Salary                         -4615.38 USD
  Income:US:Hooli:GroupTermLife                    -24.32 USD
  Expenses:Health:Life:GroupTermLife                24.32 USD
  Expenses:Health:Dental:Insurance                   2.90 USD
  Expenses:Health:Medical:Insurance                 27.38 USD
  Expenses:Health:Vision:Insurance                  42.30 USD
  Expenses:Taxes:Y2020:US:Medicare                 106.62 USD
  Expenses:Taxes:Y2020:US:Federal                 1062.92 USD
  Expenses:Taxes:Y2020:US:State                    365.08 USD
  Expenses:Taxes:Y2020:US:CityNYC                  174.92 USD
  Expenses:Taxes:Y2020:US:SDI                        1.12 USD
  Expenses:Taxes:Y2020:US:SocSec                   281.54 USD

2020-04-09 * "Hooli" "Payroll"
  Assets:US:BofA:Checking                         1350.60 USD
  Assets:US:Vanguard:Cash                         1200.00 USD
  Income:US:Hooli:Salary                         -4615.38 USD
  Income:US:Hooli:GroupTermLife                    -24.32 USD
  Expenses:Health:Life:GroupTermLife                24.32 USD
  Expenses:Health:Dental:Insurance                   2.90 USD
  Expenses:Health:Medical:Insurance                 27.38 USD
  Expenses:Health:Vision:Insurance                  42.30 USD
  Expenses:Taxes:Y2020:US:Medicare                 106.62 USD
  Expenses:Taxes:Y2020:US:Federal                 1062.92 USD
  Expenses:Taxes:Y2020:US:State                    365.08 USD
  Expenses:Taxes:Y2020:US:CityNYC                  174.92 USD
  Expenses:Taxes:Y2020:US:SDI                        1.12 USD
  Expenses:Taxes:Y2020:US:SocSec                   281.54 USD

2020-04-23 * "Hooli" "Payroll"
  Assets:US:BofA:Checking                         1350.60 USD
  Assets:US:Vanguard:Cash                         1200.00 USD
  Income:US:Hooli:Salary                         -4615.38 USD
  Income:US:Hooli:GroupTermLife                    -24.32 USD
  Expenses:Health:Life:GroupTermLife                24.32 USD
  Expenses:Health:Dental:Insurance                   2.90 USD
  Expenses:Health:Medical:Insurance                 27.38 USD
  Expenses:Health:Vision:Insurance                  42.30 USD
  Expenses:Taxes:Y2020:US:Medicare                 106.62 USD
  Expenses:Taxes:Y2020:US:Federal                 1062.92 USD
  Expenses:Taxes:Y2020:US:State                    365.08 USD
  Expenses:Taxes:Y2020:US:CityNYC                  174.92 USD
  Expenses:Taxes:Y2020:US:SDI                        1.12 USD
  Expenses:Taxes:Y2020:US:SocSec                   281.54 USD

2020-05-07 * "Hooli" "Payroll"
  Assets:US:BofA:Checking                         1350.60 USD
  Assets:US:Vanguard:Cash                         1200.00 USD
  Income:US:Hooli:Salary                         -4615.38 USD
  Income:US:Hooli:GroupTermLife                    -24.32 USD
  Expenses:Health:Life:GroupTermLife                24.32 USD
  Expenses:Health:Dental:Insurance                   2.90 USD
  Expenses:Health:Medical:Insurance                 27.38 USD
  Expenses:Health:Vision:Insurance                  42.30 USD
  Expenses:Taxes:Y2020:US:Medicare                 106.62 USD
  Expenses:Taxes:Y2020:US:Federal                 1062.92 USD
  Expenses:Taxes:Y2020:US:State                    365.08 USD
  Expenses:Taxes:Y2020:US:CityNYC                  174.92 USD
  Expenses:Taxes:Y2020:US:SDI                        1.12 USD
  Expenses:Taxes:Y2020:US:SocSec                   281.54 USD

2020-05-21 * "Hooli" "Payroll"
  Assets:US:BofA:Checking                         1350.60 USD
  Assets:US:Vanguard:Cash                         1200.00 USD
  Income:US:Hooli:Salary                         -4615.38 USD
  Income:US:Hooli:GroupTermLife                    -24.32 USD
  Expenses:Health:Life:GroupTermLife                24.32 USD
  Expenses:Health:Dental:Insurance                   2.90 USD
  Expenses:Health:Medical:Insurance                 27.38 USD
  Expenses:Health:Vision:Insurance                  42.30 USD
  Expenses:Taxes:Y2020:US:Medicare                 106.62 USD
  Expenses:Taxes:Y2020:US:Federal                 1062.92 USD
  Expenses:Taxes:Y2020:US:State                    365.08 USD
  Expenses:Taxes:Y2020:US:CityNYC                  174.92 USD
  Expenses:Taxes:Y2020:US:SDI                        1.12 USD
  Expenses:Taxes:Y2020:US:SocSec                   281.54 USD

2020-06-04 * "Hooli" "Payroll"
  Assets:US:BofA:Checking                         1350.60 USD
  Assets:US:Vanguard:Cash                         1200.00 USD
  Income:US:Hooli:Salary                         -4615.38 USD
  Income:US:Hooli:GroupTermLife                    -24.32 USD
  Expenses:Health:Life:GroupTermLife                24.32 USD
  Expenses:Health:Dental:Insurance                   2.90 USD
  Expenses:Health:Medical:Insurance                 27.38 USD
  Expenses:Health:Vision:Insurance                  42.30 USD
  Expenses:Taxes:Y2020:US:Medicare                 106.62 USD
  Expenses:Taxes:Y2020:US:Federal                 1062.92 USD
  Expenses:Taxes:Y2020:US:State                    365.08 USD
  Expenses:Taxes:Y2020:US:CityNYC                  174.92 USD
  Expenses:Taxes:Y2020:US:SDI                        1.12 USD
  Expenses:Taxes:Y2020:US:SocSec                   281.54 USD

2020-06-18 * "Hooli" "Payroll"
  Assets:US:BofA:Checking                         1350.60 USD
  Assets:US:Vanguard:Cash                         1200.00 USD
  Income:US:Hooli:Salary                         -4615.38 USD
  Income:US:Hooli:GroupTermLife                    -24.32 USD
  Expenses:Health:Life:GroupTermLife                24.32 USD
  Expenses:Health:Dental:Insurance                   2.90 USD
  Expenses:Health:Medical:Insurance                 27.38 USD
  Expenses:Health:Vision:Insurance                  42.30 USD
  Expenses:Taxes:Y2020:US:Medicare                 106.62 USD
  Expenses:Taxes:Y2020:US:Federal                 1062.92 USD
  Expenses:Taxes:Y2020:US:State                    365.08 USD
  Expenses:Taxes:Y2020:US:CityNYC                  174.92 USD
  Expenses:Taxes:Y2020:US:SDI                        1.12 USD
  Expenses:Taxes:Y2020:US:SocSec                   281.54 USD

2020-07-02 * "Hooli" "Payroll"
  Assets:US:BofA:Checking                         1350.60 USD
  Assets:US:Vanguard:Cash                         1200.00 USD
  Income:US:Hooli:Salary                         -4615.38 USD
  Income:US:Hooli:GroupTermLife                    -24.32 USD
  Expenses:Health:Life:GroupTermLife                24.32 USD
  Expenses:Health:Dental:Insurance                   2.90 USD
  Expenses:Health:Medical:Insurance                 27.38 USD
  Expenses:Health:Vision:Insurance                  42.30 USD
  Expenses:Taxes:Y2020:US:Medicare                 106.62 USD
  Expenses:Taxes:Y2020:US:Federal                 1062.92 USD
  Expenses:Taxes:Y2020:US:State                    365.08 USD
  Expenses:Taxes:Y2020:US:CityNYC                  174.92 USD
  Expenses:Taxes:Y2020:US:SDI                        1.12 USD
  Expenses:Taxes:Y2020:US:SocSec                   281.54 USD

2020-07-16 * "Hooli" "Payroll"
  Assets:US:BofA:Checking                         1350.60 USD
  Assets:US:Vanguard:Cash                         1200.00 USD
  Income:US:Hooli:Salary                         -4615.38 USD
  Income:US:Hooli:GroupTermLife                    -24.32 USD
  Expenses:Health:Life:GroupTermLife                24.32 USD
  Expenses:Health:Dental:Insurance                   2.90 USD
  Expenses:Health:Medical:Insurance                 27.38 USD
  Expenses:Health:Vision:Insurance                  42.30 USD
  Expenses:Taxes:Y2020:US:Medicare                 106.62 USD
  Expenses:Taxes:Y2020:US:Federal                 1062.92 USD
  Expenses:Taxes:Y2020:US:State                    365.08 USD
  Expenses:Taxes:Y2020:US:CityNYC                  174.92 USD
  Expenses:Taxes:Y2020:US:SDI                        1.12 USD
  Expenses:Taxes:Y2020:US:SocSec                   281.54 USD

2020-07-30 * "Hooli" "Payroll"
  Assets:US:BofA:Checking                         2050.60 USD
  Assets:US:Vanguard:Cash                          500.00 USD
  Income:US:Hooli:Salary                         -4615.38 USD
  Income:US:Hooli:GroupTermLife                    -24.32 USD
  Expenses:Health:Life:GroupTermLife                24.32 USD
  Expenses:Health:Dental:Insurance                   2.90 USD
  Expenses:Health:Medical:Insurance                 27.38 USD
  Expenses:Health:Vision:Insurance                  42.30 USD
  Expenses:Taxes:Y2020:US:Medicare                 106.62 USD
  Expenses:Taxes:Y2020:US:Federal                 1062.92 USD
  Expenses:Taxes:Y2020:US:State                    365.08 USD
  Expenses:Taxes:Y2020:US:CityNYC                  174.92 USD
  Expenses:Taxes:Y2020:US:SDI                        1.12 USD
  Expenses:Taxes:Y2020:US:SocSec                   281.54 USD

2020-08-13 * "Hooli" "Payroll"
  Assets:US:BofA:Checking                         2550.60 USD
  Income:US:Hooli:Salary                         -4615.38 USD
  Income:US:Hooli:GroupTermLife                    -24.32 USD
  Expenses:Health:Life:GroupTermLife                24.32 USD
  Expenses:Health:Dental:Insurance                   2.90 USD
  Expenses:Health:Medical:Insurance                 27.38 USD
  Expenses:Health:Vision:Insurance                  42.30 USD
  Expenses:Taxes:Y2020:US:Medicare                 106.62 USD
  Expenses:Taxes:Y2020:US:Federal                 1062.92 USD
  Expenses:Taxes:Y2020:US:State                    365.08 USD
  Expenses:Taxes:Y2020:US:CityNYC                  174.92 USD
  Expenses:Taxes:Y2020:US:SDI                        1.12 USD
  Expenses:Taxes:Y2020:US:SocSec                   281.54 USD

2020-08-27 * "Hooli" "Payroll"
  Assets:US:BofA:Checking                         2550.60 USD
  Income:US:Hooli:Salary                         -4615.38 USD
  Income:US:Hooli:GroupTermLife                    -24.32 USD
  Expenses:Health:Life:GroupTermLife                24.32 USD
  Expenses:Health:Dental:Insurance                   2.90 USD
  Expenses:Health:Medical:Insurance                 27.38 USD
  Expenses:Health:Vision:Insurance                  42.30 USD
  Expenses:Taxes:Y2020:US:Medicare                 106.62 USD
  Expenses:Taxes:Y2020:US:Federal                 1062.92 USD
  Expenses:Taxes:Y2020:US:State                    365.08 USD
  Expenses:Taxes:Y2020:US:CityNYC                  174.92 USD
  Expenses:Taxes:Y2020:US:SDI                        1.12 USD
  Expenses:Taxes:Y2020:US:SocSec                   281.54 USD

2020-09-10 * "Hooli" "Payroll"
  Assets:US:BofA:Checking                         2550.60 USD
  Income:US:Hooli:Salary                         -4615.38 USD
  Income:US:Hooli:GroupTermLife                    -24.32 USD
  Expenses:Health:Life:GroupTermLife                24.32 USD
  Expenses:Health:Dental:Insurance                   2.90 USD
  Expenses:Health:Medical:Insurance                 27.38 USD
  Expenses:Health:Vision:Insurance                  42.30 USD
  Expenses:Taxes:Y2020:US:Medicare                 106.62 USD
  Expenses:Taxes:Y2020:US:Federal                 1062.92 USD
  Expenses:Taxes:Y2020:US:State                    365.08 USD
  Expenses:Taxes:Y2020:US:CityNYC                  174.92 USD
  Expenses:Taxes:Y2020:US:SDI                        1.12 USD
  Expenses:Taxes:Y2020:US:SocSec                   281.54 USD

2020-09-24 * "Hooli" "Payroll"
  Assets:US:BofA:Checking                         2550.60 USD
  Income:US:Hooli:Salary                         -4615.38 USD
  Income:US:Hooli:GroupTermLife                    -24.32 USD
  Expenses:Health:Life:GroupTermLife                24.32 USD
  Expenses:Health:Dental:Insurance                   2.90 USD
  Expenses:Health:Medical:Insurance                 27.38 USD
  Expenses:Health:Vision:Insurance                  42.30 USD
  Expenses:Taxes:Y2020:US:Medicare                 106.62 USD
  Expenses:Taxes:Y2020:US:Federal                 1062.92 USD
  Expenses:Taxes:Y2020:US:State                    365.08 USD
  Expenses:Taxes:Y2020:US:CityNYC                  174.92 USD
  Expenses:Taxes:Y2020:US:SDI                        1.12 USD
  Expenses:Taxes:Y2020:US:SocSec                   281.54 USD

2020-10-08 * "Hooli" "Payroll"
  Assets:US:BofA:Checking                         2550.60 USD
  Income:US:Hooli:Salary                         -4615.38 USD
  Income:US:Hooli:GroupTermLife                    -24.32 USD
  Expenses:Health:Life:GroupTermLife                24.32 USD
  Expenses:Health:Dental:Insurance                   2.90 USD
  Expenses:Health:Medical:Insurance                 27.38 USD
  Expenses:Health:Vision:Insurance                  42.30 USD
  Expenses:Taxes:Y2020:US:Medicare                 106.62 USD
  Expenses:Taxes:Y2020:US:Federal                 1062.92 USD
  Expenses:Taxes:Y2020:US:State                    365.08 USD
  Expenses:Taxes:Y2020:US:CityNYC                  174.92 USD
  Expenses:Taxes:Y2020:US:SDI                        1.12 USD
  Expenses:Taxes:Y2020:US:SocSec                   281.54 USD

2020-10-22 * "Hooli" "Payroll"
  Assets:US:BofA:Checking                         2550.60 USD
  Income:US:Hooli:Salary                         -4615.38 USD
  Income:US:Hooli:GroupTermLife                    -24.32 USD
  Expenses:Health:Life:GroupTermLife                24.32 USD
  Expenses:Health:Dental:Insurance                   2.90 USD
  Expenses:Health:Medical:Insurance                 27.38 USD
  Expenses:Health:Vision:Insurance                  42.30 USD
  Expenses:Taxes:Y2020:US:Medicare                 106.62 USD
  Expenses:Taxes:Y2020:US:Federal                 1062.92 USD
  Expenses:Taxes:Y2020:US:State                    365.08 USD
  Expenses:Taxes:Y2020:US:CityNYC                  174.92 USD
  Expenses:Taxes:Y2020:US:SDI                        1.12 USD
  Expenses:Taxes:Y2020:US:SocSec                   281.54 USD

2020-11-05 * "Hooli" "Payroll"
  Assets:US:BofA:Checking                         2550.60 USD
  Income:US:Hooli:Salary                         -4615.38 USD
  Income:US:Hooli:GroupTermLife                    -24.32 USD
  Expenses:Health:Life:GroupTermLife                24.32 USD
  Expenses:Health:Dental:Insurance                   2.90 USD
  Expenses:Health:Medical:Insurance                 27.38 USD
  Expenses:Health:Vision:Insurance                  42.30 USD
  Expenses:Taxes:Y2020:US:Medicare                 106.62 USD
  Expenses:Taxes:Y2020:US:Federal                 1062.92 USD
  Expenses:Taxes:Y2020:US:State                    365.08 USD
  Expenses:Taxes:Y2020:US:CityNYC                  174.92 USD
  Expenses:Taxes:Y2020:US:SDI                        1.12 USD
  Expenses:Taxes:Y2020:US:SocSec                   281.54 USD

2020-11-19 * "Hooli" "Payroll"
  Assets:US:BofA:Checking                         2550.60 USD
  Income:US:Hooli:Salary                         -4615.38 USD
  Income:US:Hooli:GroupTermLife                    -24.32 USD
  Expenses:Health:Life:GroupTermLife                24.32 USD
  Expenses:Health:Dental:Insurance                   2.90 USD
  Expenses:Health:Medical:Insurance                 27.38 USD
  Expenses:Health:Vision:Insurance                  42.30 USD
  Expenses:Taxes:Y2020:US:Medicare                 106.62 USD
  Expenses:Taxes:Y2020:US:Federal                 1062.92 USD
  Expenses:Taxes:Y2020:US:State                    365.08 USD
  Expenses:Taxes:Y2020:US:CityNYC                  174.92 USD
  Expenses:Taxes:Y2020:US:SDI                        1.12 USD
  Expenses:Taxes:Y2020:US:SocSec                   281.54 USD

2020-12-03 * "Hooli" "Payroll"
  Assets:US:BofA:Checking                         2589.06 USD
  Income:US:Hooli:Salary                         -4615.38 USD
  Income:US:Hooli:GroupTermLife                    -24.32 USD
  Expenses:Health:Life:GroupTermLife                24.32 USD
  Expenses:Health:Dental:Insurance                   2.90 USD
  Expenses:Health:Medical:Insurance                 27.38 USD
  Expenses:Health:Vision:Insurance                  42.30 USD
  Expenses:Taxes:Y2020:US:Medicare                 106.62 USD
  Expenses:Taxes:Y2020:US:Federal                 1062.92 USD
  Expenses:Taxes:Y2020:US:State                    365.08 USD
  Expenses:Taxes:Y2020:US:CityNYC                  174.92 USD
  Expenses:Taxes:Y2020:US:SDI                        1.12 USD
  Expenses:Taxes:Y2020:US:SocSec                   243.08 USD

2020-12-17 * "Hooli" "Payroll"
  Assets:US:BofA:Checking                         2832.14 USD
  Income:US:Hooli:Salary                         -4615.38 USD
  Income:US:Hooli:GroupTermLife                    -24.32 USD
  Expenses:Health:Life:GroupTermLife                24.32 USD
  Expenses:Health:Dental:Insurance                   2.90 USD
  Expenses:Health:Medical:Insurance                 27.38 USD
  Expenses:Health:Vision:Insurance                  42.30 USD
  Expenses:Taxes:Y2020:US:Medicare                 106.62 USD
  Expenses:Taxes:Y2020:US:Federal                 1062.92 USD
  Expenses:Taxes:Y2020:US:State                    365.08 USD
  Expenses:Taxes:Y2020:US:CityNYC                  174.92 USD
  Expenses:Taxes:Y2020:US:SDI                        1.12 USD
  Expenses:Taxes:Y2020:US:SocSec                     0.00 USD

2020-12-31 * "Hooli" "Payroll"
  Assets:US:BofA:Checking                         2832.14 USD
  Income:US:Hooli:Salary                         -4615.38 USD
  Income:US:Hooli:GroupTermLife                    -24.32 USD
  Expenses:Health:Life:GroupTermLife                24.32 USD
  Expenses:Health:Dental:Insurance                   2.90 USD
  Expenses:Health:Medical:Insurance                 27.38 USD
  Expenses:Health:Vision:Insurance                  42.30 USD
  Expenses:Taxes:Y2020:US:Medicare                 106.62 USD
  Expenses:Taxes:Y2020:US:Federal                 1062.92 USD
  Expenses:Taxes:Y2020:US:State                    365.08 USD
  Expenses:Taxes:Y2020:US:CityNYC                  174.92 USD
  Expenses:Taxes:Y2020:US:SDI                        1.12 USD
  Expenses:Taxes:Y2020:US:SocSec                     0.00 USD

2021-01-14 * "Hooli" "Payroll"
  Assets:US:BofA:Checking                         1350.60 USD
  Assets:US:Vanguard:Cash                         1200.00 USD
  Income:US:Hooli:Salary                         -4615.38 USD
  Income:US:Hooli:GroupTermLife                    -24.32 USD
  Expenses:Health:Life:GroupTermLife                24.32 USD
  Expenses:Health:Dental:Insurance                   2.90 USD
  Expenses:Health:Medical:Insurance                 27.38 USD
  Expenses:Health:Vision:Insurance                  42.30 USD
  Expenses:Taxes:Y2021:US:Medicare                 106.62 USD
  Expenses:Taxes:Y2021:US:Federal                 1062.92 USD
  Expenses:Taxes:Y2021:US:State                    365.08 USD
  Expenses:Taxes:Y2021:US:CityNYC                  174.92 USD
  Expenses:Taxes:Y2021:US:SDI                        1.12 USD
  Expenses:Taxes:Y2021:US:SocSec                   281.54 USD

2021-01-28 * "Hooli" "Payroll"
  Assets:US:BofA:Checking                         1350.60 USD
  Assets:US:Vanguard:Cash                         1200.00 USD
  Income:US:Hooli:Salary                         -4615.38 USD
  Income:US:Hooli:GroupTermLife                    -24.32 USD
  Expenses:Health:Life:GroupTermLife                24.32 USD
  Expenses:Health:Dental:Insurance                   2.90 USD
  Expenses:Health:Medical:Insurance                 27.38 USD
  Expenses:Health:Vision:Insurance                  42.30 USD
  Expenses:Taxes:Y2021:US:Medicare                 106.62 USD
  Expenses:Taxes:Y2021:US:Federal                 1062.92 USD
  Expenses:Taxes:Y2021:US:State                    365.08 USD
  Expenses:Taxes:Y2021:US:CityNYC                  174.92 USD
  Expenses:Taxes:Y2021:US:SDI                        1.12 USD
  Expenses:Taxes:Y2021:US:SocSec                   281.54 USD

2021-02-11 * "Hooli" "Payroll"
  Assets:US:BofA:Checking                         1350.60 USD
  Assets:US:Vanguard:Cash                         1200.00 USD
  Income:US:Hooli:Salary                         -4615.38 USD
  Income:US:Hooli:GroupTermLife                    -24.32 USD
  Expenses:Health:Life:GroupTermLife                24.32 USD
  Expenses:Health:Dental:Insurance                   2.90 USD
  Expenses:Health:Medical:Insurance                 27.38 USD
  Expenses:Health:Vision:Insurance                  42.30 USD
  Expenses:Taxes:Y2021:US:Medicare                 106.62 USD
  Expenses:Taxes:Y2021:US:Federal                 1062.92 USD
  Expenses:Taxes:Y2021:US:State                    365.08 USD
  Expenses:Taxes:Y2021:US:CityNYC                  174.92 USD
  Expenses:Taxes:Y2021:US:SDI                        1.12 USD
  Expenses:Taxes:Y2021:US:SocSec                   281.54 USD

2021-02-25 * "Hooli" "Payroll"
  Assets:US:BofA:Checking                         1350.60 USD
  Assets:US:Vanguard:Cash                         1200.00 USD
  Income:US:Hooli:Salary                         -4615.38 USD
  Income:US:Hooli:GroupTermLife                    -24.32 USD
  Expenses:Health:Life:GroupTermLife                24.32 USD
  Expenses:Health:Dental:Insurance                   2.90 USD
  Expenses:Health:Medical:Insurance                 27.38 USD
  Expenses:Health:Vision:Insurance                  42.30 USD
  Expenses:Taxes:Y2021:US:Medicare                 106.62 USD
  Expenses:Taxes:Y2021:US:Federal                 1062.92 USD
  Expenses:Taxes:Y2021:US:State                    365.08 USD
  Expenses:Taxes:Y2021:US:CityNYC                  174.92 USD
  Expenses:Taxes:Y2021:US:SDI                        1.12 USD
  Expenses:Taxes:Y2021:US:SocSec                   281.54 USD

2021-03-11 * "Hooli" "Payroll"
  Assets:US:BofA:Checking                         1350.60 USD
  Assets:US:Vanguard:Cash                         1200.00 USD
  Income:US:Hooli:Salary                         -4615.38 USD
  Income:US:Hooli:GroupTermLife                    -24.32 USD
  Expenses:Health:Life:GroupTermLife                24.32 USD
  Expenses:Health:Dental:Insurance                   2.90 USD
  Expenses:Health:Medical:Insurance                 27.38 USD
  Expenses:Health:Vision:Insurance                  42.30 USD
  Expenses:Taxes:Y2021:US:Medicare                 106.62 USD
  Expenses:Taxes:Y2021:US:Federal                 1062.92 USD
  Expenses:Taxes:Y2021:US:State                    365.08 USD
  Expenses:Taxes:Y2021:US:CityNYC                  174.92 USD
  Expenses:Taxes:Y2021:US:SDI                        1.12 USD
  Expenses:Taxes:Y2021:US:SocSec                   281.54 USD

2021-03-25 * "Hooli" "Payroll"
  Assets:US:BofA:Checking                         1350.60 USD
  Assets:US:Vanguard:Cash                         1200.00 USD
  Income:US:Hooli:Salary                         -4615.38 USD
  Income:US:Hooli:GroupTermLife                    -24.32 USD
  Expenses:Health:Life:GroupTermLife                24.32 USD
  Expenses:Health:Dental:Insurance                   2.90 USD
  Expenses:Health:Medical:Insurance                 27.38 USD
  Expenses:Health:Vision:Insurance                  42.30 USD
  Expenses:Taxes:Y2021:US:Medicare                 106.62 USD
  Expenses:Taxes:Y2021:US:Federal                 1062.92 USD
  Expenses:Taxes:Y2021:US:State                    365.08 USD
  Expenses:Taxes:Y2021:US:CityNYC                  174.92 USD
  Expenses:Taxes:Y2021:US:SDI                        1.12 USD
  Expenses:Taxes:Y2021:US:SocSec                   281.54 USD

2021-04-08 * "Hooli" "Payroll"
  Assets:US:BofA:Checking                         1350.60 USD
  Assets:US:Vanguard:Cash                         1200.00 USD
  Income:US:Hooli:Salary                         -4615.38 USD
  Income:US:Hooli:GroupTermLife                    -24.32 USD
  Expenses:Health:Life:GroupTermLife                24.32 USD
  Expenses:Health:Dental:Insurance                   2.90 USD
  Expenses:Health:Medical:Insurance                 27.38 USD
  Expenses:Health:Vision:Insurance                  42.30 USD
  Expenses:Taxes:Y2021:US:Medicare                 106.62 USD
  Expenses:Taxes:Y2021:US:Federal                 1062.92 USD
  Expenses:Taxes:Y2021:US:State                    365.08 USD
  Expenses:Taxes:Y2021:US:CityNYC                  174.92 USD
  Expenses:Taxes:Y2021:US:SDI                        1.12 USD
  Expenses:Taxes:Y2021:US:SocSec                   281.54 USD

2021-04-22 * "Hooli" "Payroll"
  Assets:US:BofA:Checking                         1350.60 USD
  Assets:US:Vanguard:Cash                         1200.00 USD
  Income:US:Hooli:Salary                         -4615.38 USD
  Income:US:Hooli:GroupTermLife                    -24.32 USD
  Expenses:Health:Life:GroupTermLife                24.32 USD
  Expenses:Health:Dental:Insurance                   2.90 USD
  Expenses:Health:Medical:Insurance                 27.38 USD
  Expenses:Health:Vision:Insurance                  42.30 USD
  Expenses:Taxes:Y2021:US:Medicare                 106.62 USD
  Expenses:Taxes:Y2021:US:Federal                 1062.92 USD
  Expenses:Taxes:Y2021:US:State                    365.08 USD
  Expenses:Taxes:Y2021:US:CityNYC                  174.92 USD
  Expenses:Taxes:Y2021:US:SDI                        1.12 USD
  Expenses:Taxes:Y2021:US:SocSec                   281.54 USD

2021-05-06 * "Hooli" "Payroll"
  Assets:US:BofA:Checking                         1350.60 USD
  Assets:US:Vanguard:Cash                         1200.00 USD
  Income:US:Hooli:Salary                         -4615.38 USD
  Income:US:Hooli:GroupTermLife                    -24.32 USD
  Expenses:Health:Life:GroupTermLife                24.32 USD
  Expenses:Health:Dental:Insurance                   2.90 USD
  Expenses:Health:Medical:Insurance                 27.38 USD
  Expenses:Health:Vision:Insurance                  42.30 USD
  Expenses:Taxes:Y2021:US:Medicare                 106.62 USD
  Expenses:Taxes:Y2021:US:Federal                 1062.92 USD
  Expenses:Taxes:Y2021:US:State                    365.08 USD
  Expenses:Taxes:Y2021:US:CityNYC                  174.92 USD
  Expenses:Taxes:Y2021:US:SDI                        1.12 USD
  Expenses:Taxes:Y2021:US:SocSec                   281.54 USD

2021-05-20 * "Hooli" "Payroll"
  Assets:US:BofA:Checking                         1350.60 USD
  Assets:US:Vanguard:Cash                         1200.00 USD
  Income:US:Hooli:Salary                         -4615.38 USD
  Income:US:Hooli:GroupTermLife                    -24.32 USD
  Expenses:Health:Life:GroupTermLife                24.32 USD
  Expenses:Health:Dental:Insurance                   2.90 USD
  Expenses:Health:Medical:Insurance                 27.38 USD
  Expenses:Health:Vision:Insurance                  42.30 USD
  Expenses:Taxes:Y2021:US:Medicare                 106.62 USD
  Expenses:Taxes:Y2021:US:Federal                 1062.92 USD
  Expenses:Taxes:Y2021:US:State                    365.08 USD
  Expenses:Taxes:Y2021:US:CityNYC                  174.92 USD
  Expenses:Taxes:Y2021:US:SDI                        1.12 USD
  Expenses:Taxes:Y2021:US:SocSec                   281.54 USD

2021-06-03 * "Hooli" "Payroll"
  Assets:US:BofA:Checking                         1350.60 USD
  Assets:US:Vanguard:Cash                         1200.00 USD
  Income:US:Hooli:Salary                         -4615.38 USD
  Income:US:Hooli:GroupTermLife                    -24.32 USD
  Expenses:Health:Life:GroupTermLife                24.32 USD
  Expenses:Health:Dental:Insurance                   2.90 USD
  Expenses:Health:Medical:Insurance                 27.38 USD
  Expenses:Health:Vision:Insurance                  42.30 USD
  Expenses:Taxes:Y2021:US:Medicare                 106.62 USD
  Expenses:Taxes:Y2021:US:Federal                 1062.92 USD
  Expenses:Taxes:Y2021:US:State                    365.08 USD
  Expenses:Taxes:Y2021:US:CityNYC                  174.92 USD
  Expenses:Taxes:Y2021:US:SDI                        1.12 USD
  Expenses:Taxes:Y2021:US:SocSec                   281.54 USD

2021-06-17 * "Hooli" "Payroll"
  Assets:US:BofA:Checking                         1350.60 USD
  Assets:US:Vanguard:Cash                         1200.00 USD
  Income:US:Hooli:Salary                         -4615.38 USD
  Income:US:Hooli:GroupTermLife                    -24.32 USD
  Expenses:Health:Life:GroupTermLife                24.32 USD
  Expenses:Health:Dental:Insurance                   2.90 USD
  Expenses:Health:Medical:Insurance                 27.38 USD
  Expenses:Health:Vision:Insurance                  42.30 USD
  Expenses:Taxes:Y2021:US:Medicare                 106.62 USD
  Expenses:Taxes:Y2021:US:Federal                 1062.92 USD
  Expenses:Taxes:Y2021:US:State                    365.08 USD
  Expenses:Taxes:Y2021:US:CityNYC                  174.92 USD
  Expenses:Taxes:Y2021:US:SDI                        1.12 USD
  Expenses:Taxes:Y2021:US:SocSec                   281.54 USD

2021-07-01 * "Hooli" "Payroll"
  Assets:US:BofA:Checking                         1350.60 USD
  Assets:US:Vanguard:Cash                         1200.00 USD
  Income:US:Hooli:Salary                         -4615.38 USD
  Income:US:Hooli:GroupTermLife                    -24.32 USD
  Expenses:Health:Life:GroupTermLife                24.32 USD
  Expenses:Health:Dental:Insurance                   2.90 USD
  Expenses:Health:Medical:Insurance                 27.38 USD
  Expenses:Health:Vision:Insurance                  42.30 USD
  Expenses:Taxes:Y2021:US:Medicare                 106.62 USD
  Expenses:Taxes:Y2021:US:Federal                 1062.92 USD
  Expenses:Taxes:Y2021:US:State                    365.08 USD
  Expenses:Taxes:Y2021:US:CityNYC                  174.92 USD
  Expenses:Taxes:Y2021:US:SDI                        1.12 USD
  Expenses:Taxes:Y2021:US:SocSec                   281.54 USD

2021-07-15 * "Hooli" "Payroll"
  Assets:US:BofA:Checking                         1350.60 USD
  Assets:US:Vanguard:Cash                         1200.00 USD
  Income:US:Hooli:Salary                         -4615.38 USD
  Income:US:Hooli:GroupTermLife                    -24.32 USD
  Expenses:Health:Life:GroupTermLife                24.32 USD
  Expenses:Health:Dental:Insurance                   2.90 USD
  Expenses:Health:Medical:Insurance                 27.38 USD
  Expenses:Health:Vision:Insurance                  42.30 USD
  Expenses:Taxes:Y2021:US:Medicare                 106.62 USD
  Expenses:Taxes:Y2021:US:Federal                 1062.92 USD
  Expenses:Taxes:Y2021:US:State                    365.08 USD
  Expenses:Taxes:Y2021:US:CityNYC                  174.92 USD
  Expenses:Taxes:Y2021:US:SDI                        1.12 USD
  Expenses:Taxes:Y2021:US:SocSec                   281.54 USD

2021-07-29 * "Hooli" "Payroll"
  Assets:US:BofA:Checking                         1350.60 USD
  Assets:US:Vanguard:Cash                         1200.00 USD
  Income:US:Hooli:Salary                         -4615.38 USD
  Income:US:Hooli:GroupTermLife                    -24.32 USD
  Expenses:Health:Life:GroupTermLife                24.32 USD
  Expenses:Health:Dental:Insurance                   2.90 USD
  Expenses:Health:Medical:Insurance                 27.38 USD
  Expenses:Health:Vision:Insurance                  42.30 USD
  Expenses:Taxes:Y2021:US:Medicare                 106.62 USD
  Expenses:Taxes:Y2021:US:Federal                 1062.92 USD
  Expenses:Taxes:Y2021:US:State                    365.08 USD
  Expenses:Taxes:Y2021:US:CityNYC                  174.92 USD
  Expenses:Taxes:Y2021:US:SDI                        1.12 USD
  Expenses:Taxes:Y2021:US:SocSec                   281.54 USD

2021-08-12 * "Hooli" "Payroll"
  Assets:US:BofA:Checking                         2050.60 USD
  Assets:US:Vanguard:Cash                          500.00 USD
  Income:US:Hooli:Salary                         -4615.38 USD
  Income:US:Hooli:GroupTermLife                    -24.32 USD
  Expenses:Health:Life:GroupTermLife                24.32 USD
  Expenses:Health:Dental:Insurance                   2.90 USD
  Expenses:Health:Medical:Insurance                 27.38 USD
  Expenses:Health:Vision:Insurance                  42.30 USD
  Expenses:Taxes:Y2021:US:Medicare                 106.62 USD
  Expenses:Taxes:Y2021:US:Federal                 1062.92 USD
  Expenses:Taxes:Y2021:US:State                    365.08 USD
  Expenses:Taxes:Y2021:US:CityNYC                  174.92 USD
  Expenses:Taxes:Y2021:US:SDI                        1.12 USD
  Expenses:Taxes:Y2021:US:SocSec                   281.54 USD

2021-08-26 * "Hooli" "Payroll"
  Assets:US:BofA:Checking                         2550.60 USD
  Income:US:Hooli:Salary                         -4615.38 USD
  Income:US:Hooli:GroupTermLife                    -24.32 USD
  Expenses:Health:Life:GroupTermLife                24.32 USD
  Expenses:Health:Dental:Insurance                   2.90 USD
  Expenses:Health:Medical:Insurance                 27.38 USD
  Expenses:Health:Vision:Insurance                  42.30 USD
  Expenses:Taxes:Y2021:US:Medicare                 106.62 USD
  Expenses:Taxes:Y2021:US:Federal                 1062.92 USD
  Expenses:Taxes:Y2021:US:State                    365.08 USD
  Expenses:Taxes:Y2021:US:CityNYC                  174.92 USD
  Expenses:Taxes:Y2021:US:SDI                        1.12 USD
  Expenses:Taxes:Y2021:US:SocSec                   281.54 USD

2021-09-09 * "Hooli" "Payroll"
  Assets:US:BofA:Checking                         2550.60 USD
  Income:US:Hooli:Salary                         -4615.38 USD
  Income:US:Hooli:GroupTermLife                    -24.32 USD
  Expenses:Health:Life:GroupTermLife                24.32 USD
  Expenses:Health:Dental:Insurance                   2.90 USD
  Expenses:Health:Medical:Insurance                 27.38 USD
  Expenses:Health:Vision:Insurance                  42.30 USD
  Expenses:Taxes:Y2021:US:Medicare                 106.62 USD
  Expenses:Taxes:Y2021:US:Federal                 1062.92 USD
  Expenses:Taxes:Y2021:US:State                    365.08 USD
  Expenses:Taxes:Y2021:US:CityNYC                  174.92 USD
  Expenses:Taxes:Y2021:US:SDI                        1.12 USD
  Expenses:Taxes:Y2021:US:SocSec                   281.54 USD

2021-09-23 * "Hooli" "Payroll"
  Assets:US:BofA:Checking                         2550.60 USD
  Income:US:Hooli:Salary                         -4615.38 USD
  Income:US:Hooli:GroupTermLife                    -24.32 USD
  Expenses:Health:Life:GroupTermLife                24.32 USD
  Expenses:Health:Dental:Insurance                   2.90 USD
  Expenses:Health:Medical:Insurance                 27.38 USD
  Expenses:Health:Vision:Insurance                  42.30 USD
  Expenses:Taxes:Y2021:US:Medicare                 106.62 USD
  Expenses:Taxes:Y2021:US:Federal                 1062.92 USD
  Expenses:Taxes:Y2021:US:State                    365.08 USD
  Expenses:Taxes:Y2021:US:CityNYC                  174.92 USD
  Expenses:Taxes:Y2021:US:SDI                        1.12 USD
  Expenses:Taxes:Y2021:US:SocSec                   281.54 USD

2021-10-07 * "Hooli" "Payroll"
  Assets:US:BofA:Checking                         2550.60 USD
  Income:US:Hooli:Salary                         -4615.38 USD
  Income:US:Hooli:GroupTermLife                    -24.32 USD
  Expenses:Health:Life:GroupTermLife                24.32 USD
  Expenses:Health:Dental:Insurance                   2.90 USD
  Expenses:Health:Medical:Insurance                 27.38 USD
  Expenses:Health:Vision:Insurance                  42.30 USD
  Expenses:Taxes:Y2021:US:Medicare                 106.62 USD
  Expenses:Taxes:Y2021:US:Federal                 1062.92 USD
  Expenses:Taxes:Y2021:US:State                    365.08 USD
  Expenses:Taxes:Y2021:US:CityNYC                  174.92 USD
  Expenses:Taxes:Y2021:US:SDI                        1.12 USD
  Expenses:Taxes:Y2021:US:SocSec                   281.54 USD

2021-10-21 * "Hooli" "Payroll"
  Assets:US:BofA:Checking                         2550.60 USD
  Income:US:Hooli:Salary                         -4615.38 USD
  Income:US:Hooli:GroupTermLife                    -24.32 USD
  Expenses:Health:Life:GroupTermLife                24.32 USD
  Expenses:Health:Dental:Insurance                   2.90 USD
  Expenses:Health:Medical:Insurance                 27.38 USD
  Expenses:Health:Vision:Insurance                  42.30 USD
  Expenses:Taxes:Y2021:US:Medicare                 106.62 USD
  Expenses:Taxes:Y2021:US:Federal                 1062.92 USD
  Expenses:Taxes:Y2021:US:State                    365.08 USD
  Expenses:Taxes:Y2021:US:CityNYC                  174.92 USD
  Expenses:Taxes:Y2021:US:SDI                        1.12 USD
  Expenses:Taxes:Y2021:US:SocSec                   281.54 USD

2021-11-04 * "Hooli" "Payroll"
  Assets:US:BofA:Checking                         2550.60 USD
  Income:US:Hooli:Salary                         -4615.38 USD
  Income:US:Hooli:GroupTermLife                    -24.32 USD
  Expenses:Health:Life:GroupTermLife                24.32 USD
  Expenses:Health:Dental:Insurance                   2.90 USD
  Expenses:Health:Medical:Insurance                 27.38 USD
  Expenses:Health:Vision:Insurance                  42.30 USD
  Expenses:Taxes:Y2021:US:Medicare                 106.62 USD
  Expenses:Taxes:Y2021:US:Federal                 1062.92 USD
  Expenses:Taxes:Y2021:US:State                    365.08 USD
  Expenses:Taxes:Y2021:US:CityNYC                  174.92 USD
  Expenses:Taxes:Y2021:US:SDI                        1.12 USD
  Expenses:Taxes:Y2021:US:SocSec                   281.54 USD

2021-11-18 * "Hooli" "Payroll"
  Assets:US:BofA:Checking                         2550.60 USD
  Income:US:Hooli:Salary                         -4615.38 USD
  Income:US:Hooli:GroupTermLife                    -24.32 USD
  Expenses:Health:Life:GroupTermLife                24.32 USD
  Expenses:Health:Dental:Insurance                   2.90 USD
  Expenses:Health:Medical:Insurance                 27.38 USD
  Expenses:Health:Vision:Insurance                  42.30 USD
  Expenses:Taxes:Y2021:US:Medicare                 106.62 USD
  Expenses:Taxes:Y2021:US:Federal                 1062.92 USD
  Expenses:Taxes:Y2021:US:State                    365.08 USD
  Expenses:Taxes:Y2021:US:CityNYC                  174.92 USD
  Expenses:Taxes:Y2021:US:SDI                        1.12 USD
  Expenses:Taxes:Y2021:US:SocSec                   281.54 USD

2021-12-02 * "Hooli" "Payroll"
  Assets:US:BofA:Checking                         2550.60 USD
  Income:US:Hooli:Salary                         -4615.38 USD
  Income:US:Hooli:GroupTermLife                    -24.32 USD
  Expenses:Health:Life:GroupTermLife                24.32 USD
  Expenses:Health:Dental:Insurance                   2.90 USD
  Expenses:Health:Medical:Insurance                 27.38 USD
  Expenses:Health:Vision:Insurance                  42.30 USD
  Expenses:Taxes:Y2021:US:Medicare                 106.62 USD
  Expenses:Taxes:Y2021:US:Federal                 1062.92 USD
  Expenses:Taxes:Y2021:US:State                    365.08 USD
  Expenses:Taxes:Y2021:US:CityNYC                  174.92 USD
  Expenses:Taxes:Y2021:US:SDI                        1.12 USD
  Expenses:Taxes:Y2021:US:SocSec                   281.54 USD

2021-12-16 * "Hooli" "Payroll"
  Assets:US:BofA:Checking                         2589.06 USD
  Income:US:Hooli:Salary                         -4615.38 USD
  Income:US:Hooli:GroupTermLife                    -24.32 USD
  Expenses:Health:Life:GroupTermLife                24.32 USD
  Expenses:Health:Dental:Insurance                   2.90 USD
  Expenses:Health:Medical:Insurance                 27.38 USD
  Expenses:Health:Vision:Insurance                  42.30 USD
  Expenses:Taxes:Y2021:US:Medicare                 106.62 USD
  Expenses:Taxes:Y2021:US:Federal                 1062.92 USD
  Expenses:Taxes:Y2021:US:State                    365.08 USD
  Expenses:Taxes:Y2021:US:CityNYC                  174.92 USD
  Expenses:Taxes:Y2021:US:SDI                        1.12 USD
  Expenses:Taxes:Y2021:US:SocSec                   243.08 USD

2021-12-30 * "Hooli" "Payroll"
  Assets:US:BofA:Checking                         2832.14 USD
  Income:US:Hooli:Salary                         -4615.38 USD
  Income:US:Hooli:GroupTermLife                    -24.32 USD
  Expenses:Health:Life:GroupTermLife                24.32 USD
  Expenses:Health:Dental:Insurance                   2.90 USD
  Expenses:Health:Medical:Insurance                 27.38 USD
  Expenses:Health:Vision:Insurance                  42.30 USD
  Expenses:Taxes:Y2021:US:Medicare                 106.62 USD
  Expenses:Taxes:Y2021:US:Federal                 1062.92 USD
  Expenses:Taxes:Y2021:US:State                    365.08 USD
  Expenses:Taxes:Y2021:US:CityNYC                  174.92 USD
  Expenses:Taxes:Y2021:US:SDI                        1.12 USD
  Expenses:Taxes:Y2021:US:SocSec                     0.00 USD

2022-01-13 * "Hooli" "Payroll"
  Assets:US:BofA:Checking                         1350.60 USD
  Assets:US:Vanguard:Cash                         1200.00 USD
  Income:US:Hooli:Salary                         -4615.38 USD
  Income:US:Hooli:GroupTermLife                    -24.32 USD
  Expenses:Health:Life:GroupTermLife                24.32 USD
  Expenses:Health:Dental:Insurance                   2.90 USD
  Expenses:Health:Medical:Insurance                 27.38 USD
  Expenses:Health:Vision:Insurance                  42.30 USD
  Expenses:Taxes:Y2022:US:Medicare                 106.62 USD
  Expenses:Taxes:Y2022:US:Federal                 1062.92 USD
  Expenses:Taxes:Y2022:US:State                    365.08 USD
  Expenses:Taxes:Y2022:US:CityNYC                  174.92 USD
  Expenses:Taxes:Y2022:US:SDI                        1.12 USD
  Expenses:Taxes:Y2022:US:SocSec                   281.54 USD

2022-01-27 * "Hooli" "Payroll"
  Assets:US:BofA:Checking                         1350.60 USD
  Assets:US:Vanguard:Cash                         1200.00 USD
  Income:US:Hooli:Salary                         -4615.38 USD
  Income:US:Hooli:GroupTermLife                    -24.32 USD
  Expenses:Health:Life:GroupTermLife                24.32 USD
  Expenses:Health:Dental:Insurance                   2.90 USD
  Expenses:Health:Medical:Insurance                 27.38 USD
  Expenses:Health:Vision:Insurance                  42.30 USD
  Expenses:Taxes:Y2022:US:Medicare                 106.62 USD
  Expenses:Taxes:Y2022:US:Federal                 1062.92 USD
  Expenses:Taxes:Y2022:US:State                    365.08 USD
  Expenses:Taxes:Y2022:US:CityNYC                  174.92 USD
  Expenses:Taxes:Y2022:US:SDI                        1.12 USD
  Expenses:Taxes:Y2022:US:SocSec                   281.54 USD

2022-02-10 * "Hooli" "Payroll"
  Assets:US:BofA:Checking                         1350.60 USD
  Assets:US:Vanguard:Cash                         1200.00 USD
  Income:US:Hooli:Salary                         -4615.38 USD
  Income:US:Hooli:GroupTermLife                    -24.32 USD
  Expenses:Health:Life:GroupTermLife                24.32 USD
  Expenses:Health:Dental:Insurance                   2.90 USD
  Expenses:Health:Medical:Insurance                 27.38 USD
  Expenses:Health:Vision:Insurance                  42.30 USD
  Expenses:Taxes:Y2022:US:Medicare                 106.62 USD
  Expenses:Taxes:Y2022:US:Federal                 1062.92 USD
  Expenses:Taxes:Y2022:US:State                    365.08 USD
  Expenses:Taxes:Y2022:US:CityNYC                  174.92 USD
  Expenses:Taxes:Y2022:US:SDI                        1.12 USD
  Expenses:Taxes:Y2022:US:SocSec                   281.54 USD

2022-02-24 * "Hooli" "Payroll"
  Assets:US:BofA:Checking                         1350.60 USD
  Assets:US:Vanguard:Cash                         1200.00 USD
  Income:US:Hooli:Salary                         -4615.38 USD
  Income:US:Hooli:GroupTermLife                    -24.32 USD
  Expenses:Health:Life:GroupTermLife                24.32 USD
  Expenses:Health:Dental:Insurance                   2.90 USD
  Expenses:Health:Medical:Insurance                 27.38 USD
  Expenses:Health:Vision:Insurance                  42.30 USD
  Expenses:Taxes:Y2022:US:Medicare                 106.62 USD
  Expenses:Taxes:Y2022:US:Federal                 1062.92 USD
  Expenses:Taxes:Y2022:US:State                    365.08 USD
  Expenses:Taxes:Y2022:US:CityNYC                  174.92 USD
  Expenses:Taxes:Y2022:US:SDI                        1.12 USD
  Expenses:Taxes:Y2022:US:SocSec                   281.54 USD



* Taxes




** Tax Year 2020

2020-01-01 open Expenses:Taxes:Y2020:US:Medicare                USD
2020-01-01 open Expenses:Taxes:Y2020:US:Federal                 USD
2020-01-01 open Expenses:Taxes:Y2020:US:CityNYC                 USD
2020-01-01 open Expenses:Taxes:Y2020:US:SDI                     USD
2020-01-01 open Expenses:Taxes:Y2020:US:State                   USD
2020-01-01 open Expenses:Taxes:Y2020:US:SocSec                  USD


2020-01-01 * "Allowed contributions for one year"

2021-03-24 * "Filing taxes for 2020"
  Expenses:Taxes:Y2020:US:Federal                  636.21 USD
  Expenses:Taxes:Y2020:US:State                    482.16 USD
  Liabilities:AccountsPayable                    -1118.37 USD

2021-03-26 * "STATE TAX & FINANC PYMT"
  Assets:US:BofA:Checking                         -482.16 USD
  Liabilities:AccountsPayable                      482.16 USD

2021-03-27 * "FEDERAL TAXPYMT"
  Assets:US:BofA:Checking                         -636.21 USD
  Liabilities:AccountsPayable                      636.21 USD



** Tax Year 2021

2021-01-01 open Expenses:Taxes:Y2021:US:Medicare                USD
2021-01-01 open Expenses:Taxes:Y2021:US:Federal                 USD
2021-01-01 open Expenses:Taxes:Y2021:US:CityNYC                 USD
2021-01-01 open Expenses:Taxes:Y2021:US:SDI                     USD
2021-01-01 open Expenses:Taxes:Y2021:US:State                   USD
2021-01-01 open Expenses:Taxes:Y2021:US:SocSec                  USD


2021-01-01 * "Allowed contributions for one year"



** Tax Year 2022

2022-01-01 open Expenses:Taxes:Y2022:US:Medicare                USD
2022-01-01 open Expenses:Taxes:Y2022:US:Federal                 USD
2022-01-01 open Expenses:Taxes:Y2022:US:CityNYC                 USD
2022-01-01 open Expenses:Taxes:Y2022:US:SDI                     USD
2022-01-01 open Expenses:Taxes:Y2022:US:State                   USD
2022-01-01 open Expenses:Taxes:Y2022:US:SocSec                  USD


2022-01-01 * "Allowed contributions for one year"



* Expenses

1980-05-12 open Expenses:Food:Groceries
1980-05-12 open Expenses:Food:Restaurant
1980-05-12 open Expenses:Food:Coffee
1980-05-12 open Expenses:Food:Alcohol
1980-05-12 open Expenses:Transport:Tram
1980-05-12 open Expenses:Home:Rent
1980-05-12 open Expenses:Home:Electricity
1980-05-12 open Expenses:Home:Internet
1980-05-12 open Expenses:Home:Phone
1980-05-12 open Expenses:Financial:Fees
1980-05-12 open Expenses:Financial:Commissions



* Prices

2020-01-03 price VBMPX                             129.58 USD
2020-01-03 price RGAGX                             111.09 USD
2020-01-03 price ITOT                              103.36 USD
2020-01-03 price VEA                               191.35 USD
2020-01-03 price VHT                               177.62 USD
2020-01-03 price GLD                               108.17 USD
2020-01-10 price VBMPX                             130.97 USD
2020-01-10 price RGAGX                             111.20 USD
2020-01-10 price ITOT                              103.13 USD
2020-01-10 price VEA                               188.57 USD
2020-01-10 price VHT                               181.01 USD
2020-01-10 price GLD                               110.58 USD
2020-01-17 price VBMPX                             131.50 USD
2020-01-17 price RGAGX                             110.55 USD
2020-01-17 price ITOT                              101.66 USD
2020-01-17 price VEA                               191.41 USD
2020-01-17 price VHT                               180.91 USD
2020-01-17 price GLD                               109.03 USD
2020-01-24 price VBMPX                             132.43 USD
2020-01-24 price RGAGX                             110.81 USD
2020-01-24 price ITOT                              100.47 USD
2020-01-24 price VEA                               191.56 USD
2020-01-24 price VHT                               182.13 USD
2020-01-24 price GLD                               108.83 USD
2020-01-31 price VBMPX                             130.98 USD
2020-01-31 price RGAGX                             111.15 USD
2020-01-31 price ITOT                              102.11 USD
2020-01-31 price VEA                               191.03 USD
2020-01-31 price VHT                               182.31 USD
2020-01-31 price GLD                               107.55 USD
2020-02-07 price VBMPX                             130.37 USD
2020-02-07 price RGAGX                             111.47 USD
2020-02-07 price ITOT                              101.81 USD
2020-02-07 price VEA                               190.71 USD
2020-02-07 price VHT                               178.36 USD
2020-02-07 price GLD                               104.92 USD
2020-02-14 price VBMPX                             131.01 USD
2020-02-14 price RGAGX                             110.78 USD
2020-02-14 price ITOT                              100.67 USD
2020-02-14 price VEA                               186.55 USD
2020-02-14 price VHT                               174.52 USD
2020-02-14 price GLD                               106.88 USD
2020-02-21 price VBMPX                             130.29 USD
2020-02-21 price RGAGX                             111.75 USD
2020-02-21 price ITOT                              101.62 USD
2020-02-21 price VEA                               184.17 USD
2020-02-21 price VHT                               175.48 USD
2020-02-21 price GLD                               110.75 USD
2020-02-28 price VBMPX                             130.07 USD
2020-02-28 price RGAGX                             111.86 USD
2020-02-28 price ITOT                              102.63 USD
2020-02-28 price VEA                               181.36 USD
2020-02-28 price VHT                               177.91 USD
2020-02-28 price GLD                               110.81 USD
2020-03-06 price VBMPX                             130.73 USD
2020-03-06 price RGAGX                             112.07 USD
2020-03-06 price ITOT                              102.53 USD
2020-03-06 price VEA                               177.47 USD
2020-03-06 price VHT                               178.59 USD
2020-03-06 price GLD                               111.79 USD
2020-03-13 price VBMPX                             129.85 USD
2020-03-13 price RGAGX                             112.09 USD
2020-03-13 price ITOT                              101.05 USD
2020-03-13 price VEA                               176.79 USD
2020-03-13 price VHT                               181.94 USD
2020-03-13 price GLD                               111.09 USD
2020-03-20 price VBMPX                             132.78 USD
2020-03-20 price RGAGX                             113.12 USD
2020-03-20 price ITOT                              100.25 USD
2020-03-20 price VEA                               177.57 USD
2020-03-20 price VHT                               181.82 USD
2020-03-20 price GLD                               113.93 USD
2020-03-27 price VBMPX                             133.95 USD
2020-03-27 price RGAGX                             114.44 USD
2020-03-27 price ITOT                               98.34 USD
2020-03-27 price VEA                               183.47 USD
2020-03-27 price VHT                               177.09 USD
2020-03-27 price GLD                               112.80 USD
2020-04-03 price VBMPX                             132.90 USD
2020-04-03 price RGAGX                             115.39 USD
2020-04-03 price ITOT                               98.25 USD
2020-04-03 price VEA                               184.87 USD
2020-04-03 price VHT                               178.35 USD
2020-04-03 price GLD                               108.97 USD
2020-04-10 price VBMPX                             132.44 USD
2020-04-10 price RGAGX                             115.80 USD
2020-04-10 price ITOT                               99.82 USD
2020-04-10 price VEA                               185.50 USD
2020-04-10 price VHT                               178.94 USD
2020-04-10 price GLD                               105.70 USD
2020-04-17 price VBMPX                             129.64 USD
2020-04-17 price RGAGX                             115.86 USD
2020-04-17 price ITOT                              100.30 USD
2020-04-17 price VEA                               186.60 USD
2020-04-17 price VHT                               179.57 USD
2020-04-17 price GLD                               102.83 USD
2020-04-24 price VBMPX                             131.20 USD
2020-04-24 price RGAGX                             116.03 USD
2020-04-24 price ITOT                              100.58 USD
2020-04-24 price VEA                               188.67 USD
2020-04-24 price VHT                               176.23 USD
2020-04-24 price GLD                               102.67 USD
2020-05-01 price VBMPX                             136.83 USD
2020-05-01 price RGAGX                             116.39 USD
2020-05-01 price ITOT                              100.72 USD
2020-05-01 price VEA                               187.43 USD
2020-05-01 price VHT                               182.14 USD
2020-05-01 price GLD                               100.51 USD
2020-05-08 price VBMPX                             136.09 USD
2020-05-08 price RGAGX                             115.79 USD
2020-05-08 price ITOT                              103.53 USD
2020-05-08 price VEA                               189.86 USD
2020-05-08 price VHT                               188.61 USD
2020-05-08 price GLD                                99.15 USD
2020-05-15 price VBMPX                             137.25 USD
2020-05-15 price RGAGX                             115.51 USD
2020-05-15 price ITOT                              103.53 USD
2020-05-15 price VEA                               189.45 USD
2020-05-15 price VHT                               188.84 USD
2020-05-15 price GLD                               100.57 USD
2020-05-22 price VBMPX                             137.70 USD
2020-05-22 price RGAGX                             115.75 USD
2020-05-22 price ITOT                               99.86 USD
2020-05-22 price VEA                               188.59 USD
2020-05-22 price VHT                               194.36 USD
2020-05-22 price GLD                                99.94 USD
2020-05-29 price VBMPX                             134.77 USD
2020-05-29 price RGAGX                             115.91 USD
2020-05-29 price ITOT                               98.90 USD
2020-05-29 price VEA                               184.86 USD
2020-05-29 price VHT                               191.82 USD
2020-05-29 price GLD                               100.42 USD
2020-06-05 price VBMPX                             132.39 USD
2020-06-05 price RGAGX                             115.39 USD
2020-06-05 price ITOT                               98.83 USD
2020-06-05 price VEA                               184.89 USD
2020-06-05 price VHT                               191.00 USD
2020-06-05 price GLD                               103.28 USD
2020-06-12 price VBMPX                             135.55 USD
2020-06-12 price RGAGX                             115.84 USD
2020-06-12 price ITOT                              100.17 USD
2020-06-12 price VEA                               186.82 USD
2020-06-12 price VHT                               193.11 USD
2020-06-12 price GLD                               104.70 USD
2020-06-19 price VBMPX                             134.96 USD
2020-06-19 price RGAGX                             115.44 USD
2020-06-19 price ITOT                               99.99 USD
2020-06-19 price VEA                               188.83 USD
2020-06-19 price VHT                               194.73 USD
2020-06-19 price GLD                               106.92 USD
2020-06-26 price VBMPX                             133.44 USD
2020-06-26 price RGAGX                             115.69 USD
2020-06-26 price ITOT                              101.10 USD
2020-06-26 price VEA                               189.65 USD
2020-06-26 price VHT                               189.52 USD
2020-06-26 price GLD                               108.02 USD
2020-07-03 price VBMPX                             133.37 USD
2020-07-03 price RGAGX                             116.72 USD
2020-07-03 price ITOT                              100.55 USD
2020-07-03 price VEA                               189.93 USD
2020-07-03 price VHT                               190.21 USD
2020-07-03 price GLD                               108.53 USD
2020-07-10 price VBMPX                             133.99 USD
2020-07-10 price RGAGX                             118.17 USD
2020-07-10 price ITOT                               99.43 USD
2020-07-10 price VEA                               189.42 USD
2020-07-10 price VHT                               194.76 USD
2020-07-10 price GLD                               108.58 USD
2020-07-17 price VBMPX                             136.25 USD
2020-07-17 price RGAGX                             117.61 USD
2020-07-17 price ITOT                               98.58 USD
2020-07-17 price VEA                               187.69 USD
2020-07-17 price VHT                               196.01 USD
2020-07-17 price GLD                               108.72 USD
2020-07-24 price VBMPX                             137.59 USD
2020-07-24 price RGAGX                             117.83 USD
2020-07-24 price ITOT                               98.17 USD
2020-07-24 price VEA                               189.89 USD
2020-07-24 price VHT                               190.34 USD
2020-07-24 price GLD                               108.10 USD
2020-07-31 price VBMPX                             136.99 USD
2020-07-31 price RGAGX                             118.51 USD
2020-07-31 price ITOT                               99.42 USD
2020-07-31 price VEA                               191.03 USD
2020-07-31 price VHT                               191.41 USD
2020-07-31 price GLD                               113.57 USD
2020-08-07 price VBMPX                             132.27 USD
2020-08-07 price RGAGX                             117.74 USD
2020-08-07 price ITOT                               99.35 USD
2020-08-07 price VEA                               190.86 USD
2020-08-07 price VHT                               190.40 USD
2020-08-07 price GLD                               114.90 USD
2020-08-14 price VBMPX                             132.15 USD
2020-08-14 price RGAGX                             118.08 USD
2020-08-14 price ITOT                              100.15 USD
2020-08-14 price VEA                               193.36 USD
2020-08-14 price VHT                               191.07 USD
2020-08-14 price GLD                               116.18 USD
2020-08-21 price VBMPX                             128.98 USD
2020-08-21 price RGAGX                             117.93 USD
2020-08-21 price ITOT                              100.76 USD
2020-08-21 price VEA                               196.68 USD
2020-08-21 price VHT                               189.22 USD
2020-08-21 price GLD                               115.49 USD
2020-08-28 price VBMPX                             128.20 USD
2020-08-28 price RGAGX                             118.37 USD
2020-08-28 price ITOT                              100.21 USD
2020-08-28 price VEA                               197.06 USD
2020-08-28 price VHT                               188.73 USD
2020-08-28 price GLD                               119.36 USD
2020-09-04 price VBMPX                             127.14 USD
2020-09-04 price RGAGX                             117.40 USD
2020-09-04 price ITOT                              101.19 USD
2020-09-04 price VEA                               196.91 USD
2020-09-04 price VHT                               188.27 USD
2020-09-04 price GLD                               120.42 USD
2020-09-11 price VBMPX                             130.31 USD
2020-09-11 price RGAGX                             116.92 USD
2020-09-11 price ITOT                              101.44 USD
2020-09-11 price VEA                               198.95 USD
2020-09-11 price VHT                               192.22 USD
2020-09-11 price GLD                               118.95 USD
2020-09-18 price VBMPX                             131.15 USD
2020-09-18 price RGAGX                             117.37 USD
2020-09-18 price ITOT                              102.10 USD
2020-09-18 price VEA                               198.90 USD
2020-09-18 price VHT                               194.10 USD
2020-09-18 price GLD                               121.40 USD
2020-09-25 price VBMPX                             132.98 USD
2020-09-25 price RGAGX                             119.14 USD
2020-09-25 price ITOT                              102.34 USD
2020-09-25 price VEA                               197.60 USD
2020-09-25 price VHT                               191.54 USD
2020-09-25 price GLD                               123.62 USD
2020-10-02 price VBMPX                             132.87 USD
2020-10-02 price RGAGX                             119.70 USD
2020-10-02 price ITOT                              105.27 USD
2020-10-02 price VEA                               191.52 USD
2020-10-02 price VHT                               192.58 USD
2020-10-02 price GLD                               125.02 USD
2020-10-09 price VBMPX                             132.81 USD
2020-10-09 price RGAGX                             120.33 USD
2020-10-09 price ITOT                              104.36 USD
2020-10-09 price VEA                               192.13 USD
2020-10-09 price VHT                               193.22 USD
2020-10-09 price GLD                               123.21 USD
2020-10-16 price VBMPX                             133.09 USD
2020-10-16 price RGAGX                             119.30 USD
2020-10-16 price ITOT                              104.08 USD
2020-10-16 price VEA                               196.10 USD
2020-10-16 price VHT                               194.15 USD
2020-10-16 price GLD                               126.00 USD
2020-10-23 price VBMPX                             132.33 USD
2020-10-23 price RGAGX                             119.74 USD
2020-10-23 price ITOT                              102.88 USD
2020-10-23 price VEA                               197.61 USD
2020-10-23 price VHT                               197.92 USD
2020-10-23 price GLD                               128.39 USD
2020-10-30 price VBMPX                             133.68 USD
2020-10-30 price RGAGX                             120.39 USD
2020-10-30 price ITOT                              102.20 USD
2020-10-30 price VEA                               198.50 USD
2020-10-30 price VHT                               201.22 USD
2020-10-30 price GLD                               131.54 USD
2020-11-06 price VBMPX                             133.23 USD
2020-11-06 price RGAGX                             119.67 USD
2020-11-06 price ITOT                              101.14 USD
2020-11-06 price VEA                               195.79 USD
2020-11-06 price VHT                               197.96 USD
2020-11-06 price GLD                               130.83 USD
2020-11-13 price VBMPX                             130.43 USD
2020-11-13 price RGAGX                             120.52 USD
2020-11-13 price ITOT                              100.51 USD
2020-11-13 price VEA                               196.43 USD
2020-11-13 price VHT                               192.93 USD
2020-11-13 price GLD                               131.49 USD
2020-11-20 price VBMPX                             130.93 USD
2020-11-20 price RGAGX                             119.48 USD
2020-11-20 price ITOT                               99.09 USD
2020-11-20 price VEA                               200.16 USD
2020-11-20 price VHT                               196.34 USD
2020-11-20 price GLD                               133.22 USD
2020-11-27 price VBMPX                             130.21 USD
2020-11-27 price RGAGX                             118.44 USD
2020-11-27 price ITOT                               98.65 USD
2020-11-27 price VEA                               199.28 USD
2020-11-27 price VHT                               193.26 USD
2020-11-27 price GLD                               135.05 USD
2020-12-04 price VBMPX                             132.85 USD
2020-12-04 price RGAGX                             118.30 USD
2020-12-04 price ITOT                               98.47 USD
2020-12-04 price VEA                               201.67 USD
2020-12-04 price VHT                               194.56 USD
2020-12-04 price GLD                               135.88 USD
2020-12-11 price VBMPX                             134.55 USD
2020-12-11 price RGAGX                             118.39 USD
2020-12-11 price ITOT                               98.13 USD
2020-12-11 price VEA                               200.07 USD
2020-12-11 price VHT                               196.76 USD
2020-12-11 price GLD                               135.08 USD
2020-12-18 price VBMPX                             136.69 USD
2020-12-18 price RGAGX                             117.91 USD
2020-12-18 price ITOT                               98.34 USD
2020-12-18 price VEA                               204.49 USD
2020-12-18 price VHT                               197.20 USD
2020-12-18 price GLD                               133.11 USD
2020-12-25 price VBMPX                             135.52 USD
2020-12-25 price RGAGX                             117.36 USD
2020-12-25 price ITOT                               98.89 USD
2020-12-25 price VEA                               207.44 USD
2020-12-25 price VHT                               196.09 USD
2020-12-25 price GLD                               130.02 USD
2021-01-01 price VBMPX                             139.57 USD
2021-01-01 price RGAGX                             117.60 USD
2021-01-01 price ITOT                               98.06 USD
2021-01-01 price VEA                               208.15 USD
2021-01-01 price VHT                               196.27 USD
2021-01-01 price GLD                               131.50 USD
2021-01-08 price VBMPX                             137.88 USD
2021-01-08 price RGAGX                             117.44 USD
2021-01-08 price ITOT                               98.82 USD
2021-01-08 price VEA                               207.82 USD
2021-01-08 price VHT                               199.83 USD
2021-01-08 price GLD                               132.21 USD
2021-01-15 price VBMPX                             140.29 USD
2021-01-15 price RGAGX                             116.80 USD
2021-01-15 price ITOT                              101.16 USD
2021-01-15 price VEA                               209.99 USD
2021-01-15 price VHT                               199.73 USD
2021-01-15 price GLD                               134.10 USD
2021-01-22 price VBMPX                             143.65 USD
2021-01-22 price RGAGX                             116.18 USD
2021-01-22 price ITOT                              101.87 USD
2021-01-22 price VEA                               207.92 USD
2021-01-22 price VHT                               204.45 USD
2021-01-22 price GLD                               131.78 USD
2021-01-29 price VBMPX                             139.66 USD
2021-01-29 price RGAGX                             116.44 USD
2021-01-29 price ITOT                              102.47 USD
2021-01-29 price VEA                               204.46 USD
2021-01-29 price VHT                               208.04 USD
2021-01-29 price GLD                               132.99 USD
2021-02-05 price VBMPX                             141.49 USD
2021-02-05 price RGAGX                             116.98 USD
2021-02-05 price ITOT                              103.46 USD
2021-02-05 price VEA                               202.22 USD
2021-02-05 price VHT                               210.51 USD
2021-02-05 price GLD                               135.25 USD
2021-02-12 price VBMPX                             143.19 USD
2021-02-12 price RGAGX                             116.43 USD
2021-02-12 price ITOT                              103.70 USD
2021-02-12 price VEA                               201.71 USD
2021-02-12 price VHT                               211.08 USD
2021-02-12 price GLD                               131.21 USD
2021-02-19 price VBMPX                             142.70 USD
2021-02-19 price RGAGX                             116.83 USD
2021-02-19 price ITOT                              103.66 USD
2021-02-19 price VEA                               206.62 USD
2021-02-19 price VHT                               207.15 USD
2021-02-19 price GLD                               130.61 USD
2021-02-26 price VBMPX                             144.55 USD
2021-02-26 price RGAGX                             117.05 USD
2021-02-26 price ITOT                              103.59 USD
2021-02-26 price VEA                               211.42 USD
2021-02-26 price VHT                               205.39 USD
2021-02-26 price GLD                               132.95 USD
2021-03-05 price VBMPX                             145.70 USD
2021-03-05 price RGAGX                             118.25 USD
2021-03-05 price ITOT                              103.90 USD
2021-03-05 price VEA                               210.71 USD
2021-03-05 price VHT                               209.16 USD
2021-03-05 price GLD                               130.72 USD
2021-03-12 price VBMPX                             144.97 USD
2021-03-12 price RGAGX                             118.18 USD
2021-03-12 price ITOT                              103.78 USD
2021-03-12 price VEA                               210.39 USD
2021-03-12 price VHT                               212.56 USD
2021-03-12 price GLD                               134.43 USD
2021-03-19 price VBMPX                             144.29 USD
2021-03-19 price RGAGX                             117.71 USD
2021-03-19 price ITOT                              106.12 USD
2021-03-19 price VEA                               212.03 USD
2021-03-19 price VHT                               210.97 USD
2021-03-19 price GLD                               133.36 USD
2021-03-26 price VBMPX                             146.17 USD
2021-03-26 price RGAGX                             118.67 USD
2021-03-26 price ITOT                              105.52 USD
2021-03-26 price VEA                               208.72 USD
2021-03-26 price VHT                               213.70 USD
2021-03-26 price GLD                               135.49 USD
2021-04-02 price VBMPX                             146.28 USD
2021-04-02 price RGAGX                             118.83 USD
2021-04-02 price ITOT                              103.08 USD
2021-04-02 price VEA                               206.61 USD
2021-04-02 price VHT                               212.99 USD
2021-04-02 price GLD                               137.31 USD
2021-04-09 price VBMPX                             146.31 USD
2021-04-09 price RGAGX                             119.94 USD
2021-04-09 price ITOT                              103.32 USD
2021-04-09 price VEA                               205.46 USD
2021-04-09 price VHT                               214.02 USD
2021-04-09 price GLD                               137.77 USD
2021-04-16 price VBMPX                             147.58 USD
2021-04-16 price RGAGX                             119.99 USD
2021-04-16 price ITOT                              103.72 USD
2021-04-16 price VEA                               207.53 USD
2021-04-16 price VHT                               222.64 USD
2021-04-16 price GLD                               139.51 USD
2021-04-23 price VBMPX                             147.75 USD
2021-04-23 price RGAGX                             120.82 USD
2021-04-23 price ITOT                              105.01 USD
2021-04-23 price VEA                               208.84 USD
2021-04-23 price VHT                               222.61 USD
2021-04-23 price GLD                               142.11 USD
2021-04-30 price VBMPX                             147.27 USD
2021-04-30 price RGAGX                             121.11 USD
2021-04-30 price ITOT                              101.53 USD
2021-04-30 price VEA                               208.46 USD
2021-04-30 price VHT                               222.57 USD
2021-04-30 price GLD                               140.40 USD
2021-05-07 price VBMPX                             148.75 USD
2021-05-07 price RGAGX                             121.10 USD
2021-05-07 price ITOT                              102.08 USD
2021-05-07 price VEA                               209.51 USD
2021-05-07 price VHT                               228.70 USD
2021-05-07 price GLD                               140.21 USD
2021-05-14 price VBMPX                             149.11 USD
2021-05-14 price RGAGX                             122.37 USD
2021-05-14 price ITOT                               98.92 USD
2021-05-14 price VEA                               208.44 USD
2021-05-14 price VHT                               225.09 USD
2021-05-14 price GLD                               140.44 USD
2021-05-21 price VBMPX                             148.68 USD
2021-05-21 price RGAGX                             122.66 USD
2021-05-21 price ITOT                               98.65 USD
2021-05-21 price VEA                               210.28 USD
2021-05-21 price VHT                               232.30 USD
2021-05-21 price GLD                               140.71 USD
2021-05-28 price VBMPX                             148.54 USD
2021-05-28 price RGAGX                             122.37 USD
2021-05-28 price ITOT                               98.41 USD
2021-05-28 price VEA                               211.77 USD
2021-05-28 price VHT                               233.26 USD
2021-05-28 price GLD                               141.02 USD
2021-06-04 price VBMPX                             148.75 USD
2021-06-04 price RGAGX                             123.06 USD
2021-06-04 price ITOT                               96.98 USD
2021-06-04 price VEA                               217.95 USD
2021-06-04 price VHT                               235.75 USD
2021-06-04 price GLD                               144.34 USD
2021-06-11 price VBMPX                             150.95 USD
2021-06-11 price RGAGX                             124.00 USD
2021-06-11 price ITOT                               97.59 USD
2021-06-11 price VEA                               218.93 USD
2021-06-11 price VHT                               234.74 USD
2021-06-11 price GLD                               141.63 USD
2021-06-18 price VBMPX                             156.54 USD
2021-06-18 price RGAGX                             125.65 USD
2021-06-18 price ITOT                               97.21 USD
2021-06-18 price VEA                               219.35 USD
2021-06-18 price VHT                               236.41 USD
2021-06-18 price GLD                               142.04 USD
2021-06-25 price VBMPX                             157.39 USD
2021-06-25 price RGAGX                             125.65 USD
2021-06-25 price ITOT                               96.44 USD
2021-06-25 price VEA                               217.22 USD
2021-06-25 price VHT                               240.87 USD
2021-06-25 price GLD                               139.04 USD
2021-07-02 price VBMPX                             164.15 USD
2021-07-02 price RGAGX                             125.71 USD
2021-07-02 price ITOT                               96.37 USD
2021-07-02 price VEA                               216.13 USD
2021-07-02 price VHT                               242.50 USD
2021-07-02 price GLD                               137.71 USD
2021-07-09 price VBMPX                             165.15 USD
2021-07-09 price RGAGX                             126.55 USD
2021-07-09 price ITOT                               97.48 USD
2021-07-09 price VEA                               217.60 USD
2021-07-09 price VHT                               242.97 USD
2021-07-09 price GLD                               137.35 USD
2021-07-16 price VBMPX                             165.51 USD
2021-07-16 price RGAGX                             128.15 USD
2021-07-16 price ITOT                               98.21 USD
2021-07-16 price VEA                               217.33 USD
2021-07-16 price VHT                               242.73 USD
2021-07-16 price GLD                               137.30 USD
2021-07-23 price VBMPX                             168.02 USD
2021-07-23 price RGAGX                             127.15 USD
2021-07-23 price ITOT                               97.20 USD
2021-07-23 price VEA                               214.73 USD
2021-07-23 price VHT                               243.52 USD
2021-07-23 price GLD                               136.61 USD
2021-07-30 price VBMPX                             166.91 USD
2021-07-30 price RGAGX                             127.47 USD
2021-07-30 price ITOT                               95.96 USD
2021-07-30 price VEA                               214.00 USD
2021-07-30 price VHT                               241.52 USD
2021-07-30 price GLD                               136.40 USD
2021-08-06 price VBMPX                             169.62 USD
2021-08-06 price RGAGX                             127.35 USD
2021-08-06 price ITOT                               94.31 USD
2021-08-06 price VEA                               217.02 USD
2021-08-06 price VHT                               241.37 USD
2021-08-06 price GLD                               135.34 USD
2021-08-13 price VBMPX                             172.49 USD
2021-08-13 price RGAGX                             128.44 USD
2021-08-13 price ITOT                               95.51 USD
2021-08-13 price VEA                               218.42 USD
2021-08-13 price VHT                               240.87 USD
2021-08-13 price GLD                               133.11 USD
2021-08-20 price VBMPX                             172.80 USD
2021-08-20 price RGAGX                             128.41 USD
2021-08-20 price ITOT                               96.74 USD
2021-08-20 price VEA                               222.83 USD
2021-08-20 price VHT                               239.88 USD
2021-08-20 price GLD                               131.96 USD
2021-08-27 price VBMPX                             178.66 USD
2021-08-27 price RGAGX                             129.11 USD
2021-08-27 price ITOT                               97.24 USD
2021-08-27 price VEA                               224.18 USD
2021-08-27 price VHT                               243.14 USD
2021-08-27 price GLD                               133.22 USD
2021-09-03 price VBMPX                             173.99 USD
2021-09-03 price RGAGX                             128.89 USD
2021-09-03 price ITOT                               97.21 USD
2021-09-03 price VEA                               225.11 USD
2021-09-03 price VHT                               241.07 USD
2021-09-03 price GLD                               137.08 USD
2021-09-10 price VBMPX                             174.10 USD
2021-09-10 price RGAGX                             128.98 USD
2021-09-10 price ITOT                               98.19 USD
2021-09-10 price VEA                               219.21 USD
2021-09-10 price VHT                               242.47 USD
2021-09-10 price GLD                               137.60 USD
2021-09-17 price VBMPX                             175.82 USD
2021-09-17 price RGAGX                             129.05 USD
2021-09-17 price ITOT                               99.08 USD
2021-09-17 price VEA                               219.05 USD
2021-09-17 price VHT                               243.66 USD
2021-09-17 price GLD                               139.81 USD
2021-09-24 price VBMPX                             171.99 USD
2021-09-24 price RGAGX                             130.52 USD
2021-09-24 price ITOT                               98.92 USD
2021-09-24 price VEA                               215.27 USD
2021-09-24 price VHT                               246.05 USD
2021-09-24 price GLD                               139.23 USD
2021-10-01 price VBMPX                             172.34 USD
2021-10-01 price RGAGX                             131.73 USD
2021-10-01 price ITOT                              100.03 USD
2021-10-01 price VEA                               216.72 USD
2021-10-01 price VHT                               244.77 USD
2021-10-01 price GLD                               136.40 USD
2021-10-08 price VBMPX                             169.83 USD
2021-10-08 price RGAGX                             132.76 USD
2021-10-08 price ITOT                              102.19 USD
2021-10-08 price VEA                               222.10 USD
2021-10-08 price VHT                               240.96 USD
2021-10-08 price GLD                               131.39 USD
2021-10-15 price VBMPX                             168.83 USD
2021-10-15 price RGAGX                             133.33 USD
2021-10-15 price ITOT                              100.99 USD
2021-10-15 price VEA                               220.76 USD
2021-10-15 price VHT                               241.91 USD
2021-10-15 price GLD                               134.01 USD
2021-10-22 price VBMPX                             169.72 USD
2021-10-22 price RGAGX                             132.43 USD
2021-10-22 price ITOT                              101.12 USD
2021-10-22 price VEA                               223.67 USD
2021-10-22 price VHT                               236.71 USD
2021-10-22 price GLD                               138.42 USD
2021-10-29 price VBMPX                             169.15 USD
2021-10-29 price RGAGX                             134.84 USD
2021-10-29 price ITOT                               99.84 USD
2021-10-29 price VEA                               222.11 USD
2021-10-29 price VHT                               240.55 USD
2021-10-29 price GLD                               136.47 USD
2021-11-05 price VBMPX                             165.22 USD
2021-11-05 price RGAGX                             134.29 USD
2021-11-05 price ITOT                               99.72 USD
2021-11-05 price VEA                               228.22 USD
2021-11-05 price VHT                               241.56 USD
2021-11-05 price GLD                               138.34 USD
2021-11-12 price VBMPX                             166.68 USD
2021-11-12 price RGAGX                             134.30 USD
2021-11-12 price ITOT                               99.31 USD
2021-11-12 price VEA                               230.25 USD
2021-11-12 price VHT                               243.92 USD
2021-11-12 price GLD                               137.84 USD
2021-11-19 price VBMPX                             167.40 USD
2021-11-19 price RGAGX                             134.96 USD
2021-11-19 price ITOT                               99.46 USD
2021-11-19 price VEA                               223.35 USD
2021-11-19 price VHT                               241.03 USD
2021-11-19 price GLD                               137.00 USD
2021-11-26 price VBMPX                             166.34 USD
2021-11-26 price RGAGX                             134.18 USD
2021-11-26 price ITOT                               99.96 USD
2021-11-26 price VEA                               222.66 USD
2021-11-26 price VHT                               236.63 USD
2021-11-26 price GLD                               136.71 USD
2021-12-03 price VBMPX                             163.29 USD
2021-12-03 price RGAGX                             135.71 USD
2021-12-03 price ITOT                              101.80 USD
2021-12-03 price VEA                               220.59 USD
2021-12-03 price VHT                               241.79 USD
2021-12-03 price GLD                               136.94 USD
2021-12-10 price VBMPX                             167.20 USD
2021-12-10 price RGAGX                             137.06 USD
2021-12-10 price ITOT                              102.72 USD
2021-12-10 price VEA                               218.53 USD
2021-12-10 price VHT                               242.67 USD
2021-12-10 price GLD                               138.22 USD
2021-12-17 price VBMPX                             168.05 USD
2021-12-17 price RGAGX                             137.08 USD
2021-12-17 price ITOT                              101.52 USD
2021-12-17 price VEA                               221.63 USD
2021-12-17 price VHT                               244.95 USD
2021-12-17 price GLD                               143.00 USD
2021-12-24 price VBMPX                             169.17 USD
2021-12-24 price RGAGX                             139.41 USD
2021-12-24 price ITOT                              103.74 USD
2021-12-24 price VEA                               220.85 USD
2021-12-24 price VHT                               244.20 USD
2021-12-24 price GLD                               142.89 USD
2021-12-31 price VBMPX                             166.16 USD
2021-12-31 price RGAGX                             142.50 USD
2021-12-31 price ITOT                              105.05 USD
2021-12-31 price VEA                               222.01 USD
2021-12-31 price VHT                               241.84 USD
2021-12-31 price GLD                               134.78 USD
2022-01-07 price VBMPX                             164.04 USD
2022-01-07 price RGAGX                             143.94 USD
2022-01-07 price ITOT                              105.36 USD
2022-01-07 price VEA                               222.13 USD
2022-01-07 price VHT                               246.63 USD
2022-01-07 price GLD                               138.92 USD
2022-01-14 price VBMPX                             161.51 USD
2022-01-14 price RGAGX                             142.62 USD
2022-01-14 price ITOT                              105.04 USD
2022-01-14 price VEA                               220.39 USD
2022-01-14 price VHT                               243.09 USD
2022-01-14 price GLD                               141.01 USD
2022-01-21 price VBMPX                             161.74 USD
2022-01-21 price RGAGX                             142.50 USD
2022-01-21 price ITOT                              103.91 USD
2022-01-21 price VEA                               218.78 USD
2022-01-21 price VHT                               245.54 USD
2022-01-21 price GLD                               141.31 USD
2022-01-28 price VBMPX                             161.36 USD
2022-01-28 price RGAGX                             142.45 USD
2022-01-28 price ITOT                              104.27 USD
2022-01-28 price VEA                               224.96 USD
2022-01-28 price VHT                               245.60 USD
2022-01-28 price GLD                               143.27 USD
2022-02-04 price VBMPX                             158.74 USD
2022-02-04 price RGAGX                             143.70 USD
2022-02-04 price ITOT                              104.68 USD
2022-02-04 price VEA                               226.37 USD
2022-02-04 price VHT                               245.80 USD
2022-02-04 price GLD                               143.39 USD
2022-02-11 price VBMPX                             157.27 USD
2022-02-11 price RGAGX                             144.57 USD
2022-02-11 price ITOT                              102.94 USD
2022-02-11 price VEA                               228.90 USD
2022-02-11 price VHT                               244.42 USD
2022-02-11 price GLD                               142.14 USD
2022-02-18 price VBMPX                             159.65 USD
2022-02-18 price RGAGX                             146.47 USD
2022-02-18 price ITOT                              101.55 USD
2022-02-18 price VEA                               234.60 USD
2022-02-18 price VHT                               240.66 USD
2022-02-18 price GLD                               144.57 USD



* Cash

